3198 5174
376 341 409 404 γ,
725 324 900 380 connum
923 323 1077 378 nsrorrs

385 457 547 522 Lemnum
568 477 575 518 ε
594 453 648 518 hie
669 453 757 518 enim
778 466 911 530 ventus,
934 475 953 518 a
975 450 1265 543 septemtrionibus
1285 453 1417 541 oriens,

384 572 558 640 adversum
576 585 665 639 tenet
679 570 816 638 Athenis
832 569 1125 662 proficiscentibus.
1147 567 1418 657 Miltiades,mo-

384 690 479 759 randi
492 704 622 784 tempus
636 715 703 756 non
717 688 855 775 habens,
866 713 999 756 cursum
1017 687 1151 774 direxit,
1165 712 1232 781 quo
1245 689 1417 781 tendebat,

384 811 599 902 pervenitque
612 809 865 880 Chersonesum.

377 919 380 926 ¹
430 933 473 998 ΙΙ.
500 929 550 998 Ibi
574 929 666 996 brevi
694 941 841 1020 tempore
873 926 1093 996 Barbarorum
1121 929 1224 1020 copiis
1254 928 1416 1022 disjectis,

383 1063 452 1117 tota
469 1049 618 1143 regione,
637 1069 735 1138 quam
752 1045 906 1138 petierat,
923 1046 1061 1138 potitus,
1083 1044 1156 1113 loca
1177 1046 1318 1132 castellis
1339 1049 1416 1118 ido-

383 1193 444 1236 nea
467 1165 700 1250 communivit;
722 1163 984 1251 multitudinem,
1005 1189 1104 1256 quam
1125 1189 1237 1234 secum
1257 1167 1415 1254 duxerat,

383 1288 416 1354 in
445 1287 532 1380 agris
559 1283 747 1369 collocavit,
773 1283 963 1374 crebrisque
993 1285 1243 1354 excursionibus
1268 1284 1416 1378 locuple-

383 1408 475 1473 tavit.
492 1405 609 1496 Neque
626 1405 735 1472 minus
753 1405 786 1470 in
808 1427 846 1470 ea
863 1428 899 1471 re
918 1404 1107 1495 prudentia,
1121 1429 1221 1498 quam
1242 1404 1413 1496 felicitate,

382 1523 514 1615 adjutus
531 1538 603 1590 est:
620 1547 697 1590 nam
714 1547 817 1614 quum
837 1524 961 1589 virtute
982 1521 1124 1591 militum
1145 1525 1316 1594 devicisset
1335 1525 1414 1594 hos-

383 1645 465 1709 tium
493 1643 669 1727 exercitus,
695 1666 823 1709 summa
850 1627 1002 1733 aequitate
1032 1666 1083 1710 res
1109 1645 1298 1730 constituit,
1314 1658 1415 1736 atque

382 1763 451 1853 ipse
468 1762 590 1829 ibidem
608 1785 742 1830 manere
759 1761 911 1828 decrevit.
931 1764 1012 1829 Erat
1027 1763 1115 1828 enim
1132 1763 1290 1830 intereos
1308 1762 1416 1857 digni·

382 1897 450 1950 tate
476 1884 584 1976 regia,
613 1883 762 1974 quamvis
787 1881 919 1950 carebat
944 1882 1077 1948 nomine
1099 1906 1107 1948 :
1127 1905 1234 1973 neque
1253 1882 1287 1949 id
1309 1886 1414 1977 magis

383 2003 536 2094 imperio,
566 2026 665 2094 quam
690 2002 831 2093 justitia,
861 2016 1065 2069 consecutus.
1094 2004 1211 2093 Neque
1242 2027 1282 2069 eo
1308 2005 1414 2072 secius
1511 2054 1520 2074 .

382 2122 653 2208 Atheniensibus,
677 2121 833 2212 aquibus
854 2135 925 2188 erat
945 2119 1128 2214 profectus,
1153 2121 1262 2190 officia
1282 2137 1415 2216 praesta-

381 2244 448 2311 bat.
461 2244 592 2331 Quibus
606 2242 705 2309 rebus
721 2239 836 2327 fiebat,
850 2255 888 2307 ut
902 2264 969 2306 non
990 2242 1098 2308 minus
1114 2264 1229 2309 eorum
1242 2240 1414 2310 voluntate

382 2379 545 2455 perpetuo
557 2363 734 2453 imperium
752 2361 932 2444 obtineret,
948 2360 1005 2451 qui
1028 2360 1199 2446 miserant,
1219 2385 1318 2452 quam
1340 2359 1413 2429 illo-

382 2506 473 2566 rum,
490 2504 565 2578 cum
587 2479 707 2571 quibus
724 2493 795 2546 erat
817 2478 992 2571 profectus.
1010 2479 1217 2546 Chersoneso
1239 2478 1295 2547 tali
1312 2481 1412 2548 modo

382 2600 577 2685 constituta,
594 2602 757 2666 Lemnum
774 2599 967 2684 revertitur,
984 2612 1017 2665 et
1034 2622 1073 2664 ex
1088 2613 1187 2689 pacto
1199 2598 1364 2691 postulat,
1375 2615 1412 2667 ut

383 2719 446 2786 sibi
473 2719 588 2786 urbem
613 2717 745 2785 tradant
766 2743 774 2784 :
792 2715 839 2784 illi
869 2718 957 2783 enim
981 2716 1145 2803 dixerant,
1168 2742 1286 2810 quum,
1314 2735 1413 2787 vento

383 2837 483 2905 borea
501 2838 600 2905 domo
616 2837 783 2931 profectus
799 2861 838 2903 eo
855 2837 1069 2930 pervenisset,
1087 2861 1156 2904 sese
1175 2837 1363 2906 dedituros:
1380 2865 1413 2906 se

384 2973 495 3025 autem
511 2957 646 3025 domum
662 2958 857 3026 Chersonesi
874 2957 1005 3023 habere.
1027 2959 1142 3040 Cares,
1164 2959 1221 3048 qui
1237 2970 1309 3024 tum
1318 2961 1415 3024 Lem-

384 3103 463 3145 num
488 3075 687 3164 incolebant,
715 3079 776 3143 etsi
797 3090 915 3169 praeter
939 3076 1129 3167 opinionem
1154 3100 1205 3142 res
1234 3076 1413 3164 ceciderat,

385 3215 511 3285 tamen,
535 3222 602 3266 non
620 3197 723 3283 dicto,
750 3195 806 3264 sed
831 3192 974 3262 secunda
998 3194 1130 3261 fortuna
1151 3192 1414 3264 adversariorum

329 3363 331 3368 ·
385 3320 490 3410 capti,
507 3318 657 3385 resistere
668 3317 738 3384 ausi
754 3340 821 3382 non
838 3328 929 3401 sunt,
949 3328 1049 3405 atque
1065 3337 1105 3380 ex
1125 3311 1232 3382 insula
1252 3315 1415 3410 demigra-

386 3450 473 3504 runt.
485 3438 561 3503 Pari
575 3431 728 3503 felicitate
749 3449 874 3502 ceteras
891 3431 1029 3519 insulas,
1047 3456 1119 3524 quae
1137 3432 1299 3526 Cyclades
1308 3439 1415 3502 nomi·

386 3570 521 3642 uantur,
538 3554 598 3621 sub
615 3532 864 3622 Atheniensium
878 3552 1003 3646 redegit
1020 3566 1225 3644 potestatem.

434 3677 493 3743 ΙΙΙ.
506 3672 638 3742 Eisdem
648 3675 866 3765 temporibus,
878 3674 1055 3739 Persarum
1067 3697 1125 3740 rex
1139 3673 1274 3760 Darius,
1289 3699 1329 3741 ex
1339 3675 1416 3745 Asia
1453 3691 1456 3698 ’

387 3797 421 3863 in
445 3798 611 3887 Europam
637 3793 785 3859 exercitu
812 3793 968 3885 trajecto,
990 3793 1119 3886 Scythis
1144 3790 1269 3860 bellum
1296 3793 1416 3861 inferre

387 3914 541 3982 decrevit.
559 3916 699 3981 Pontem
720 3909 796 3978 fecit
818 3913 851 3977 in
868 3915 953 3979 Istro
969 3911 1125 3996 flumine,
1142 3936 1207 4004 qna
1227 3915 1337 4005 copias
1353 3928 1419 3980 tra-

1256 4017 1265 4044 .
