3198 5174
872 747 918 812 11.

272 1129 273 1136 κ
440 1074 444 1082 “
516 1111 520 1123 ·
599 1069 1192 1174 THEMISTOCLES.

833 1464 978 1482 --Qfl

388 1703 827 1850 Tnnu1srocnns,Nedclis
847 1761 948 1852 filius,
965 1763 1184 1833 Atheniensis.
1207 1761 1313 1854 Hujus
1331 1761 1412 1830 vitia

385 1879 528 1948 ineuntis
544 1879 772 1952 adolescentia
791 1884 918 1978 magnis
934 1897 1010 1952 sunt
1025 1882 1198 1952 emendata
1212 1881 1408 1949 virtutibus:

385 1997 467 2066 adeo
487 2013 525 2066 ut
547 1997 749 2068 anteferatur
771 2002 848 2070 huic
867 2026 981 2089 nemo,
1007 2004 1102 2095 pauci
1127 2025 1220 2095 pares
1242 2013 1409 2093 putentur.

385 2117 449 2186 Sed
463 2119 505 2186 ab
521 2120 616 2188 initio
636 2135 685 2188 est
700 2121 906 2194 ordiendum.
924 2125 1020 2191 Pater
1035 2119 1260 2216 ejus-Neocles
1277 2144 1411 2214 genero-

385 2261 439 2305 sus
456 2236 530 2306 fuit.
548 2243 581 2308 Is
600 2265 737 2310 uxorem
757 2239 1030 2310 Halicarnassiam
1047 2242 1153 2309 civem
1169 2240 1276 2327 duxit,
1292 2265 1332 2307 ex
1347 2264 1413 2332 qua

385 2343 542 2428 natusest
557 2359 802 2428 Themistocles.
824 2361 893 2448 Qui
910 2385 1013 2453 quum
1029 2361 1139 2428 minus
1154 2374 1239 2428 esset
1254 2359 1412 2452 probatus

385 2478 591 2569 parentibus,
608 2479 698 2572 quod
717 2495 752 2548 et
769 2478 903 2549 liberius
918 2481 1067 2568 vivebat,
1083 2493 1117 2548 et
1130 2503 1201 2547 rem
1217 2477 1410 2547 familiarem

387 2596 587 2690 negligebat,
601 2624 620 2666 a
635 2612 727 2692 patre
738 2599 960 2668 exhaeredatus
972 2615 1032 2667 est.
1042 2602 1126 2688 Quae
1136 2597 1335 2667 contumelia
1345 2581 1410 2665 non

385 2716 483 2811 fregit
500 2742 589 2806 eum,
611 2719 667 2787 sed
684 2721 796 2787 erexit.
814 2723 900 2789 Nam
914 2744 1016 2813 quum
1030 2719 1221 2812 judicasset,
1239 2721 1308 2787 sine
1324 2743 1412 2786 sum·

385 2866 439 2908 ma
464 2841 626 2911 industria
651 2869 719 2911 non
745 2868 839 2937 posse
855 2839 927 2913 eam
948 2846 1111 2938 extingui;
1133 2857 1239 2912 totum
1264 2867 1297 2912 se
1321 2842 1411 2909 dedit

387 2960 591 3054 reipublice,
608 2961 795 3056 diligentius
808 2965 920 3032 amicis
931 2964 1089 3056 famaeque
1100 2965 1253 3031 serviens.
1264 2962 1409 3031 Multum

387 3079 419 3146 in
431 3079 562 3173 judiciis
573 3083 709 3175 privatis
726 3084 931 3171 versabatur,
948 3108 1031 3176 saepe
1043 3084 1085 3150 in'
1094 3084 1286 3151 concionem
1298 3079 1409 3175 populi

384 3199 552 3290 prodibat;
570 3199 662 3268 nulla
681 3227 732 3270 res
752 3203 857 3294 major
878 3204 948 3270 sine
972 3227 1014 3269 eo.
1030 3201 1221 3295 gerebatur3
1241 3200 1408 3269 celeriter-

385 3344 462 3410 que,
479 3343 551 3411 quae
569 3344 651 3413 opus
666 3335 774 3405 erant,
788 3323 984 3416 reperiebat.
1003 3324 1119 3413 Neque
1139 3321 1248 3388 minus
1265 3321 1299 3387 in
1311 3322 1409 3387 rebus

386 3438 537 3529 gerendis
561 3455 751 3533 promptus,
776 3466 874 3533 quam
893 3440 1139 3534 excogitandis,
1153 3454 1223 3507 crat
1239 3465 1246 3508 :
1264 3439 1353 3533 quod
1377 3455 1409 3506 et

385 3555 426 3621 de
441 3558 655 3645 instantibus,
678 3574 715 3627 ut
736 3561 782 3627 ait
797 3559 1026 3650 Thucydides,
1043 3559 1210 3627 verissime
1223 3559 1408 3650 judicabat,

386 3687 419 3734 et
446 3665 625 3743 defuturis
645 3677 852 3746 callidissime
875 3679 1080 3771 conjiciebat.
1100 3679 1178 3765 Quo
1204 3680 1326 3746 factum
1347 3693 1409 3766 est,

388 3809 424 3859 ut
442 3795 535 3862 brevi
551 3808 700 3887 tempore
714 3789 944 3864 illustraretur.

431 3917 473 3982 II.
497 3914 626 3982 Primus
649 3929 760 3982 autem
781 3915 900 4009 gradus
914 3915 977 3984 fuit
998 3917 1203 4010 capessenda?
1223 3915 1410 4010 reipublicae

387 4030 471 4099 bello
493 4035 667 4126 Corcyraeo
689 4058 696 4100 :
718 4034 759 4102 ad
784 4035 871 4128 quod
895 4037 1075 4130 gerendum
1100 4052 1221 4130 praetor
1243 4063 1261 4105 a
1287 4035 1410 4130 populo
