3114 5032
540 513 860 572 ousuuvartouus.
981 577 983 580 ,
1162 522 1216 592 1⁸7

179 639 276 696 studio
292 637 513 715 pratermIserit,
529 649 557 694 et
576 639 645 694 tales
665 639 779 712 quidem
794 659 890 715 reges,
907 641 955 716 qui
971 661 1031 700 non
1045 645 1174 718 nomine,
1189 660 1220 707 ut
1291 642 1295 652 ’

178 731 396 798 Lacedaemonii,
409 730 459 786 sed
473 749 572 787 retem
584 732 663 805 regia
678 732 815 806 dignitate
831 735 997 805 utebanttu,
1014 747 1042 796 et
1057 739 1158 810 quibus
1174 742 1219 796 lo-

170 835 229 880 'cus
242 824 315 880 inter
330 825 512 897 imperatores
528 824 726 882 celeberrimos
743 827 876 900 assignari
892 827 1043 884 debuisset.
1058 830 1219 905 Philippum

177 916 312 989 intelligit
331 927 360 972 et
379 917 591 988 Alexandnnn,
614 928 642 974 et
662 918 819 991 complures
842 919 916 976 inter
937 921 1090 976 Alexandri
1110 942 1218 980 succes-

177 1027 270 1078 sores,
283 1009 469 1064 Cassandrum
481 1028 596 1083 nempe,
608 993 784 1083 Antiqonum
797 1021 825 1066 et
838 1012 1012 1068 Demetrium
1025 1013 1218 1084 Poliorceten,

173 1100 388 1174 Lysimachum,
404 1101 562 1171 Seleucum,
577 1103 772 1171 Ptolemaeum,
788 1105 933 1178 Pyrrhum.
947 1105 984 1159 Hi
998 1105 1086 1174 enim,
1103 1106 1218 1162 militari

172 1193 283 1266 gloria,
296 1203 325 1248 et
337 1211 431 1248 rerum
446 1205 586 1268 gestarum
600 1195 810 1268 magnitudine,
827 1195 913 1250 cuivis
927 1197 1116 1270 antiquiorum
1129 1197 1218 1270 impe-
1250 1217 1254 1224 “

169 1296 305 1341 ratorum
323 1286 426 1341 merito
442 1286 655 1360 aequiparantem.
671 1287 747 1342 Dicit
765 1305 854 1360 porro
870 1288 1017 1344 Cornelius
1037 1307 1043 1344 :
1061 1290 1158 1362 Neque
1174 1301 1217 1342 m-

169 1397 243 1434 men
256 1377 290 1432 Μ
300 1379 451 1434 amorim
465 1389 531 1434 sunt
542 1381 628 1458 multi.
642 1381 768 1452 Namque
782 1379 856 1435 inter
870 1391 1017 1453 sequentes
1029 1380 1216 1449 Macedoniae,

168 1470 264 1544 Syrie
284 1480 312 1525 et
325 1471 441 1544 AEgypti
456 1489 537 1544 reges
554 1473 707 1526 admodum
723 1471 805 1544 pauci
824 1472 908 1527 rebus
926 1491 942 1526 a
959 1491 989 1527 se
1006 1471 1074 1548 ipsis
1093 1471 1124 1526 iu
1139 1472 1216 1527 bello

168 1562 263 1637 gestis
277 1562 474 1619 inclaruerunt.
489 1564 647 1618 Talessunt
663 1562 809 1636 Philippus
829 1572 857 1618 et
875 1562 1047 1631 Antiochus,
1065 1563 1115 1636 qui
1130 1563 1216 1635 ambo

167 1654 261 1712 bellis
276 1665 376 1710 eontra
389 1655 497 1710 vicinos
511 1656 632 1728 populos
645 1672 775 1728 magnam
789 1654 959 1724 sibilamam
973 1664 1154 1728 paraverant,
1166 1655 1216 1710 sed

168 1757 278 1804 contra
295 1750 454 1816 Romanos,
474 1746 583 1821 ingenti
601 1747 666 1802 licet
687 1757 834 1820 apparatu,
856 1748 929 1802 male
945 1743 990 1802 res
1013 1756 1170 1820 gesserunt,
1187 1756 1216 1801 et

167 1839 342 1896 Ptolemaeus
355 1839 519 1911 Euergetes,
532 1838 581 1911 qui
593 1839 773 1912 Cyrenaicum
786 1838 903 1907 devicit,
917 1838 977 1911 ipse
992 1839 1048 1893 dux
1061 1838 1213 1912 copiarum.

167 1933 247 1988 Non
262 1929 301 1984 ait
318 1929 480 1998 Cornelius,
493 1949 522 1986 se
537 1930 628 2003 ipsum
644 1932 746 1985 horum
761 1948 861 2004 regum
879 1931 1018 2000 omniun,
1032 1930 1080 2004 qui
1095 1930 1215 2003 impera-

166 2021 288 2080 toribus
303 2022 481 2078 anuumerari
494 2032 626 2096 possunt,
642 2040 687 2077 res
701 2033 791 2095 gestas
802 2039 861 2076 uno
874 2021 1018 2077 volumine
1031 2021 1215 2094 comprehen-

167 2119 266 2184 disse,
282 2116 332 2172 scd
348 2116 425 2188 qnod
443 2115 570 2172 omnium
589 2133 634 2172 res
651 2124 734 2189 gestae
748 2114 906 2188 separatim
922 2115 986 2168 sunt
1000 2105 1108 2182 celita,
1126 2107 1157 2167 id
1175 2118 1215 2162 est

169 2230 187 2264 a
208 2206 334 2264 diversis
353 2207 526 2276 auctoribus,
545 2217 611 2264 tunc
627 2206 763 2279 temporis
786 2206 854 2278 vulg
890 2204 1010 2278 cognitis
1033 2215 1060 2260 et
1078 2204 1215 2277 probatis«

169 2303 245 2358 Non
267 2299 343 2355 enim
365 2309 407 2354 est
424 2299 625 2368 dubitandum,
644 2298 781 2355 exstitisse
796 2308 860 2352 ante
876 2297 1038 2352 Cornelium
1057 2299 1218 2365 complures

169 2394 266 2451 libros
281 2391 400 2461 latinos,
421 2391 468 2466 qui
491 2409 576 2466 quum
592 2391 717 2464 Philippi
742 2401 770 2446 et
788 2389 956 2458 Alexandri,
972 2399 1032 2444 tum
1050 2388 1130 2444 etiam
1150 2403 1217 2458 pos·

170 2485 313 2542 teriorum
332 2469 432 2557 re'gnm
452 2484 584 2542 historias
606 2483 804 2551 continebant,
826 2501 889 2538 cum
909 2482 1010 2555 quibus
1030 2479 1153 2537 Romani
1171 2481 1215 2537 vel

169 2575 328 2632 amicitiam
342 2577 505 2644 coluerunt,
517 2577 563 2633 vel
581 2577 656 2632 bella
671 2585 822 2648 gesserunt.
837 2576 877 2630 Ea
890 2574 966 2629 enim
979 2573 1049 2628 scire
1064 2576 1214 2629 Romano-

168 2687 237 2724 rum
252 2669 343 2723 multo
360 2669 450 2742 magis
469 2669 615 2737 intererat,
633 2686 717 2740 quam
733 2686 794 2740 quae
812 2666 849 2722 ad
861 2667 936 2722 bella
955 2664 1065 2722 Persica
1085 2676 1113 2721 et
1129 2666 1214 2721 Pelo-

169 2759 377 2835 ponnesiacum
389 2761 578 2833 pertinebant.

200 2851 319 2914 ,Libros
336 2851 420 2921 alios,
434 2852 482 2926 qui
499 2851 632 2908 Cornelio
650 2862 754 2906 temere
770 2869 785 2906 a
805 2849 973 2923 quibusdam
984 2848 1122 2922 adscripti·
1136 2859 1214 2917 sunt,

170 2928 203 3000 u't
216 2944 330 3000 Daretis
342 2943 457 3018 Phrygii
469 2944 629 3000 versionem
642 2943 771 3011 latinam,
789 2943 888 2998 lubens
901 2951 1045 3014 praetereo.
1060 2943 1125 2996 Non
1139 2940 1213 2996 enim

168 3037 292 3092 interest
305 3035 465 3108 reipublicae
483 3036 639 3104 litterariae,
652 3053 786 3090 revocare
801 3033 966 3090 memoriam
987 3052 1130 3104 errorum,
1144 3052 1214 3107 quos

170 3128 261 3184 semel
277 3126 433 3200 iterumque
447 3129 544 3184 solidis
557 3129 727 3202 argumentis
745 3128 895 3200 propulere
910 3127 965 3182 viri
978 3126 1062 3183 docti

118 3332 120 3337 ’
170 3341 216 3405 Il.
235 3339 289 3405 De
303 3335 447 3405 Cornelii
461 3334 629 3405 scribendi
639 3337 789 3405 instituto
802 3337 836 3402 1'n
852 3331 941 3402 libris
953 3336 1014 3428 qui
1024 3347 1210 3428 supersunt.

211 3568 255 3622 Eu
273 3568 432 3622 Graecarum
444 3564 600 3622 litterarum
618 3575 646 3618 et
657 3564 755 3638 patriae
763 3581 863 3618 amore
881 3562 980 3617 ductus
997 3561 1107 3636 scripsit
1119 3563 1213 3636 Nepos

169 3660 245 3715 vitas
266 3657 461 3713 excellentium
478 3656 689 3730 imperatorum.
705 3657 829 3712 Romani
842 3655 927 3709 rudes
941 3653 1058 3708 omnino
1075 3666 1155 3710 erant
1168 3656 1214 3710 lit-

169 3762 297 3806 terarum
313 3767 462 3823 graecarum
479 3759 545 3805 ante
564 3749 640 3804 bella
656 3749 775 3823 punica,
793 3747 897 3822 quippe
914 3747 962 3820 qui
981 3748 1055 3803 inter
1072 3767 1213 3804 armorum

170 3842 306 3918 strepitus
328 3860 405 3896 suam
421 3841 546 3914 ipsorum
562 3842 687 3916 linguam
707 3860 767 3896 non
786 3839 932 3910 colebant,
951 3839 999 3914 qui
1012 3849 1085 3895 artes
1102 3859 1213 3909 omnes,

169 3945 275 4008 prater
288 3953 348 4004 eas,
363 3952 425 4007 quae
439 3933 477 3990 ad
492 3934 579 3988 vitam
592 3934 725 3989 tuendam
739 3933 861 3990 maxime
873 3933 1036 3988 necessariae
1049 3943 1130 4004 sunt,
1143 3952 1212 3988 con-

168 4027 350 4096 temnebant,
370 4044 484 4082 omnem
505 4026 624 4101 gloriam
642 4026 671 4080 in
690 4045 721 4081 re
743 4025 857 4100 publica
877 4023 1163 4098 administrandas&
1182 4025 1212 4080 in

170 4135 202 4174 re
219 4119 323 4176 mistica
339 4130 367 4175 et
384 4118 511 4190 militari,
529 4119 686 4176 exercenda
704 4128 850 4193 ponentes.
872 4117 996 4174 Sufficiat
1012 4118 1069 4174 duo
1083 4120 1209 4194 exempla
