3198 5174
339 495 379 554 68
674 500 851 558 CORNELII
871 502 1027 558 NEPOTIS

339 623 430 692 dates
442 623 538 715 jussu
557 626 643 719 regis
659 623 747 694 bello
766 641 1015 718 persequeretur
1031 649 1086 694 eos
1105 626 1163 719 qui
1179 623 1371 694 defecerant.

338 745 488 835 Namque
510 742 610 835 hujus
636 769 737 838 opera
759 745 884 833 hostes,
910 770 1013 838 quum
1035 759 1151 822 castra
1161 745 1229 836 jam
1254 745 1373 814 intras·

339 877 428 950 sent,
447 863 613 956 profligati
632 878 727 950 sunt,
749 866 975 956 exercitusque
996 860 1143 955 reliquus
1164 878 1374 932 conservatus

338 983 424 1074 regis
439 995 488 1050 est
507 1007 515 1048 τ
531 1007 597 1075 qua
610 1006 650 1051 ex
667 1006 703 1050 re
715 982 895 1076 majoribus
910 983 1007 1052 rebus
1023 1006 1159 1076 praeesse
1173 983 1281 1076 coepit.
1296 986 1374 1052 Erat

339 1125 379 1168 eo
401 1114 547 1194 tempore
568 1102 696 1194 Thyus,
719 1100 871 1194 dynastes
894 1099 1141 1196 Paphlagoniae,
1163 1102 1300 1193 antiquo
1320 1127 1375 1195 ge-

339 1243 416 1289 nere
430 1235 561 1289 natusa
578 1219 760 1312 Pylaemene
774 1218 846 1308 illo,
864 1245 962 1313 quem
978 1224 1140 1289 Homerus
1156 1221 1275 1289 Troico
1289 1220 1375 1289 bello

338 1364 358 1407 a
371 1338 524 1409 Patroclo
538 1339 745 1409 interfectum
759 1341 814 1408 ait.
831 1343 864 1408 Is
879 1340 947 1433 regi
962 1338 1051 1407 dicto
1064 1339 1200 1407 audiens
1215 1364 1283 1412 non
1294 1354 1374 1410 erat.

338 1461 449 1548 Quam
470 1459 513 1526 ob
535 1483 666 1527 causam
688 1457 774 1528 bello
800 1484 874 1528 eum
901 1459 1052 1553 persequi
1074 1459 1261 1545 constituit,
1283 1459 1376 1551 eique

339 1581 386 1648 rei
405 1577 549 1673 praefeoit
566 1582 755 1665 Datamem,
774 1580 998 1673 propinquum
1017 1576 1237 1672 Paphlagonis
1257 1602 1265 1645 τ
1283 1603 1375 1646 nam·

340 1723 404 1791 que
419 1724 458 1768 ex
471 1699 572 1769 fratre
589 1715 622 1768 et
639 1723 750 1768 sorore
767 1713 862 1767 erant
875 1699 944 1765 nati
959 1724 967 1766 ε
985 1721 1085 1790 quam
1102 1698 1145 1766 ob
1162 1724 1294 1768 causam
1308 1704 1375 1769 Da·

340 1833 441 1886 tames
459 1820 568 1888 omnia
582 1819 726 1913 primum
740 1818 880 1912 experiri
898 1815 1019 1904 voluit,
1040 1831 1077 1885 ut
1093 1818 1162 1886 siue
1179 1821 1278 1888 armis
1299 1847 1375 1915 pro·

339 1923 502 2032 pinquum
516 1937 558 2006 ad
571 1937 716 2006 officium
736 1937 916 2006 reduceret.
934 1936 987 2006 Ad
1000 1961 1098 2029 quem
1117 1962 1220 2029 quum
1237 1941 1376 2009 venisset

340 2059 410 2125 sine
425 2055 596 2151 praesidio,
614 2057 703 2151 quod
727 2057 768 2125 ab
785 2057 890 2125 amico
910 2054 1017 2124 nullas
1040 2071 1209 2125 vereretur
1227 2059 1375 2146 insidias,

339 2201 433 2271 poene
452 2178 575 2246 interiit
597 2204 605 2246 ε
628 2201 703 2245 nam
723 2177 836 2270 Thyus
855 2201 931 2244 eum
953 2175 1035 2244 clam
1056 2177 1239 2245 interficere
1258 2177 1373 2247 voluit.

331 2299 419 2365 'Erat
439 2311 543 2366 mater
563 2322 639 2366 cum
662 2301 819 2384 Datame,
841 2297 940 2364 arnita
965 2293 1199 2390 Papldagonis3
1222 2321 1276 2385 ea,
1296 2297 1374 2389 quid

339 2430 502 2508 ageretur,
519 2418 644 2504 resciit,
661 2415 830 2508 filiumque
848 2416 978 2483 monuit
999 2441 1006 2482 :
1027 2413 1081 2482 ille
1095 2415 1173 2508 fuga
1191 2416 1374 2510 periculum
1480 2463 1483 2469 -

338 2537 487 2624 evitavit,
506 2535 694 2627 bellumque
710 2533 829 2603 indixit
844 2535 947 2628 Thyo.
966 2536 1005 2601 Iu
1024 2559 1091 2627 quo
1110 2559 1212 2626 quum
1226 2537 1267 2603 ab
1282 2537 1376 2605 Ario·

338 2654 496 2742 barzane,
517 2654 671 2749 praelecto
695 2654 805 2747 Lydiae
827 2669 860 2722 et
883 2655 999 2743 Ioniae,
1023 2655 1189 2746 totiusque
1210 2653 1374 2748 Phrygiae,

339 2772 485 2842 desertus
510 2789 611 2860 esset3
641 2750 746 2842 nihilo
775 2776 906 2869 segnius
933 2775 1171 2868 perseveravit,
1197 2775 1375 2868 vivumque

337 2891 468 2984 Thyum
486 2894 573 2986 cepit
592 2916 668 2960 cum
686 2917 788 2962 uxore
806 2907 839 2960 et
857 2892 978 2962 liberis.

386 3013 446 3078 ΠΙ.
472 3012 576 3105 Cujus
594 3011 671 3080 facti
689 3036 731 3081 ne
749 3013 841 3107 prius
859 3013 946 3082 fama
962 3014 1005 3083 ad
1022 3039 1150 3109 regem,
1170 3041 1270 3110 quam
1287 3018 1373 3111 ipse,

338 3131 537 3222 perveniret,
562 3131 653 3201 dedit
676 3157 820 3240 operam.
846 3139 978 3228 Itaque,
1003 3135 1156 3204 omnibus
1183 3137 1311 3223 insciis,
1333 3162 1373 3206 eo

336 3250 394 3319 uhi
419 3264 489 3319 erat
509 3276 582 3340 rex,
608 3255 712 3343 venit3
738 3269 937 3348 posteroque
961 3255 1013 3324 die
1035 3257 1182 3348 Thyum,
1205 3256 1371 3326 hominem

335 3373 467 3439 maximi
492 3375 656 3467 corporis,
684 3373 888 3468 terribilique
911 3374 1009 3462 facie,
1033 3375 1123 3469 quod
1145 3391 1178 3444 et
1204 3377 1313 3469 niger,
1339 3392 1371 3445 et

336 3487 455 3581 capillo
468 3489 579 3584 longo,
593 3492 760 3585 barbaque
771 3509 842 3562 erat
853 3495 1028 3588 promissa,
1041 3496 1167 3588 optima
1180 3510 1268 3564 veste
1280 3497 1370 3582 texit,
1447 3491 1448 3496 ¹

335 3630 435 3699 quam
468 3623 605 3704 satrapae
637 3613 718 3705 regii
748 3636 860 3705 gerere
890 3628 1145 3702 consueverant3
1174 3615 1370 3707 ornavitque

335 3726 433 3794 etiam
452 3741 585 3820 torque,
608 3745 641 3798 et
659 3729 794 3799 armillis
817 3734 940 3821 aureis,
964 3748 1137 3826 ceteroque
1157 3737 1247 3829 regio
1265 3734 1368 3804 cultu.

333 3849 424 3939 Ipse,
442 3850 561 3942 agresti
585 3848 707 3943 duplici
727 3851 869 3920 amiculo
886 3854 1125 3939 circumdatus,
1144 3855 1298 3949 hirtaque
1315 3870 1369 3925 tu·

335 3967 425 4054 nica,
444 3992 559 4061 gerens
579 3970 736 4064 incapite
756 3969 881 4064 galeam
898 3977 1118 4063 venatoriam,
1136 3974 1251 4046 dextra
1268 4000 1368 4045 manu

336 4082 477 4175 clavam,
497 4089 627 4157 sinistra
649 4090 817 4185 copulam,
837 4118 902 4186 qua
924 4095 1073 4162 vinctum
1091 4110 1167 4163 ante
1187 4119 1220 4162 se
1238 4096 1369 4188 Thyum
