3168 5048
369 411 422 472 rta
708 401 884 456 CORNELII
905 399 1061 456 NEPOTIS

366 545 404 599 ut
422 525 514 598 nulla
527 526 561 596 in
580 547 616 594 rc
633 548 712 593 usus
728 525 771 594 sit
788 537 844 614 ea,
861 525 924 594 nisi
943 525 977 592 in
994 523 1208 619 deprecandis
1219 525 1418 596 amicorum

280 709 283 716 .
367 663 425 718 aut
446 643 618 742 periculis,
643 658 702 714 aut
722 644 947 713 incommodis.
968 643 1072 731 Quod
1095 642 1228 736 quidem
1252 644 1313 712 sub
1332 646 1419 739 ipsa

369 767 607 863 proscriptione
636 762 823 860 perillustre
849 763 922 831 fuit.
949 765 1034 834 Nam
1057 786 1161 855 quum
1193 766 1232 831 L.
1265 763 1414 851 Saufeii,

248 943 252 952 .
369 887 487 980 equitis
510 887 656 970 romani,
676 882 808 976 aequalis
827 885 893 970 sui,
913 884 970 977 qui
993 907 1069 951 cum
1086 907 1125 951 eo
1141 879 1327 976 complures
1345 909 1417 952 an·

369 1031 446 1094 nos,
464 999 574 1074 studio
595 1004 715 1074 ductus
735 1001 967 1097 philosophiae,
990 1001 1177 1089 habitabat,
1196 1002 1417 1096 habebatque

370 1126 404 1194 in
419 1123 515 1194 Italia
531 1125 690 1219 pretiosas
704 1124 941 1218 possessiones,
959 1123 1123 1191 triumviri
1140 1122 1227 1190 bona
1240 1122 1417 1192 vendidis-

371 1260 459 1334 sent,
477 1244 715 1314 consuetudine
738 1269 792 1331 ea,
810 1268 877 1337 qua
903 1257 974 1311 tum
997 1267 1050 1310 res
1069 1242 1282 1334 gerebantur3
1304 1245 1417 1312 Attici

372 1365 483 1434 labore
499 1354 598 1458 atque
612 1363 928 1458 industrialfactum,
941 1377 980 1430 ut
995 1361 1110 1430 eodem
1124 1362 1243 1429 nuntio
1257 1361 1416 1432 Saufeius

372 1485 465 1554 fieret
487 1485 625 1572 certior,
652 1509 686 1552 se
705 1484 942 1579 patrimonium
967 1482 1112 1550 amisisse
1135 1495 1168 1550 et
1186 1505 1414 1574 recuperasse.

374 1604 466 1676 Idem
484 1608 523 1673 L.
546 1602 671 1673 lulium
689 1601 857 1691 Calidum,
874 1625 990 1696 quem,
1007 1615 1083 1695 post
1103 1601 1251 1669 Lucretii
1269 1597 1411 1668 Catulli·

376 1749 441 1817 quc
458 1739 614 1811 mortem,
631 1722 736 1794 multo
751 1721 1028 1816 elegantissimum
1044 1735 1176 1814 poetam
1193 1733 1341 1788 nostram
1354 1734 1411 1788 tu.

375 1841 450 1912 lisse
468 1857 597 1911 aetatcm
612 1867 692 1911 vere.
700 1842 814 1910 videor
828 1831 926 1936 ‘posse
944 1839 1157 1927 contendere,
1175 1863 1282 1932 neque
1298 1841 1413 1908 minus

376 1964 484 2031 virum
509 1963 649 2052 bonum,
671 1964 867 2058 optimisque
885 1962 1011 2029 artibus
1029 1957 1210 2049 eruditum,
1228 1975 1304 2055 post
1330 1986 1414 2054 pro·

377 2084 588 2176 scriptionem
602 2084 762 2179 equiturn,
778 2096 915 2177 propter
925 2105 1060 2174 magnas
1075 2081 1146 2173 ejus
1158 2080 1318 2149 africanas
1335 2091 1414 2175 pos-

378 2205 551 2290 sessiones,
577 2203 612 2272 in
633 2203 893 2297 proscriptorum
921 2225 1096 2270 numerum
1115 2225 1134 2268 a
1161 2204 1198 2269 P.
1213 2199 1413 2290 Volumnio,

378 2322 530 2417 praefecto
552 2321 682 2392 labrum
706 2321 859 2410 Antonii,
877 2322 1043 2390 absentem
1063 2319 1411 2416 relatum,expedivit.

378 2441 479 2531 Quod
501 2430 540 2510 in
563 2443 716 2536 praesenti
741 2457 855 2510 utrum
875 2443 905 2509 ei
930 2438 1145 2528 laboriosius,
1172 2466 1214 2509 an
1238 2439 1412 2536 gloriosius

378 2561 494 2650 fuerit,
520 2560 652 2631 difficile
675 2560 738 2629 fuit
760 2560 921 2654 judicare,
943 2559 1033 2654 quod
1057 2561 1092 2628 in
1119 2586 1234 2630 eorum
1258 2561 1412 2656 periculis

373 2707 448 2780 ¹non
462 2705 553 2750 secus
571 2681 739 2769 absentes,
760 2705 859 2773 quam
875 2695 1068 2775 presentes,
1083 2681 1205 2750 amicos
1220 2682 1331 2751 Attico
1345 2707 1413 2752 essc

381 2826 467 2869 curae
481 2801 651 2894 cognitum
665 2805 723 2868 est.

428 2894 521 2988 ΧΠΙ.Ι
540 2922 655 3013 Neque
672 2943 751 2988 vero
771 2919 881 2987 minus
902 2917 956 2988 ille
972 2923 1039 3007 vir,
1056 2921 1163 2989 bonus
1182 2921 1413 3016 paterfamilias

383 3038 514 3107 habitus
539 3054 603 3124 est,
625 3063 724 3132 quam
744 3040 833 3107 civis.
859 3041 945 3109 Nam
967 3065 1071 3133 quum
1095 3056 1178 3110 esset
1199 3044 1412 3136 pecuniosus,

384 3183 480 3242 nemo
499 3157 555 3228 illo
571 3160 682 3228 minus
698 3159 760 3228 fuit
776 3185 887 3249 emax,
901 3162 1017 3248 minus¹
1028 3161 1214 3230 edificator.
1233 3165 1349 3257 Neque
1362 3179 1412 3232 ta·

384 3305 459 3354 men
478 3304 545 3348 non
564 3280 598 3348 in
615 3281 728 3372 primis
748 3280 831 3348 bene
851 3281 1027 3368 habitavit,
1047 3282 1264 3376 omnibusque
1283 3285 1412 3377 optimis

384 3400 482 3468 rebus
495 3379 581 3466 ‘usus
603 3415 661 3467 est.
681 3400 768 3469 Nam
792 3399 927 3468 domurn
954 3400 1072 3468 habuit
1098 3403 1131 3469 in
1151 3401 1233 3470 colle
1250 3403 1412 3490 Quirinali

383 3515 709 3610 Tamphilanam,„ab
739 3518 903 3588 avunculo
921 3519 1110 3588 hereditate
1133 3519 1303 3609 relictarn3
1321 3524 1428 3614 cujus,

385 3637 553 3703 amoenitas
571 3661 639 3705 non
657 3635 809 3725 aedificio,
824 3637 880 3705 sed
898 3638 979 3707 silva
999 3639 1179 3708 constabat.
1195 3643 1308 3735 Ipsum
1326 3645 1410 3710 eninr

385 3769 523 3842 tectum,
539 3757 720 3849 antiquitus
738 3757 970 3846 constitutum,
987 3757 1061 3852 plus
1076 3758 1169 3848 salis,
1188 3785 1288 3853 quam
1305 3787 1412 3856 sump-

384 3888 454 3961 tus,
469 3875 611 3944 babebat
628 3903 636 3944 :
656 3878 769 3970 inquo
787 3877 868 3945 nihil
889 3855 1120 3968 commutavit,
1136 3883 1199 3950 nisi
1219 3885 1246 3951 si
1263 3883 1344 3975 quid
1362 3908 1411 3951 ve-

385 4008 647 4067 tustatecoactus
661 4011 719 4064 est.
740 4001 827 4066 Usus
845 4014 894 4067 est
909 3999 1045 4090 familia,
1065 4003 1092 4069 si
1111 4002 1252 4072 utilitate
1263 4004 1410 4097 judican-
