3198 5174
353 512 390 572 to
688 504 861 562 coartant
884 503 1038 563 NEPOTIS

348 628 489 700 didisset.
510 631 586 699 Non
608 628 682 699 tulit
701 629 765 698 hoc
782 637 944 724 satrapes,
960 628 1133 700 etviolare
1150 629 1373 719 clementiam,

349 772 446 840 quam
459 748 545 843 regis
554 772 634 841 opes
647 748 769 836 minui,
781 747 908 818 maluit
920 751 1038 842 Itaque
1051 748 1141 818 misit
1150 749 1374 843 Sysamithren

345 880 377 935 et
392 871 538 960 Bagoam
553 866 596 936 ad
616 865 821 936 Alcibiadem
838 866 1117 956 interficiendum,
1132 891 1236 960 quum
1250 865 1306 937 ille
1325 891 1376 936 es-

346 1000 394 1056 set
408 988 444 1054 in
457 987 614 1080 Phrygia,
627 986 755 1080 iterque
770 985 812 1055 ad
827 1010 937 1081 regem
948 1001 1165 1080 compararet
1179 988 1274 1056 Missi
1289 985 1374 1060 clam

345 1105 520 1192 vicinitati,
532 1106 566 1173 in
577 1128 643 1197 qua
658 1119 729 1172 tum
745 1103 1031 1193 Alcibiadeserat,
1045 1105 1126 1174 dant
1145 1107 1316 1201 negotium
1337 1119 1375 1174 ut

346 1247 422 1294 eum
438 1218 648 1293 interficiant.
668 1201 859 1316 llli,quum
881 1248 956 1293 eum
974 1223 1064 1294 ferro
1080 1223 1215 1320 aggredi
1234 1245 1303 1294 non
1318 1249 1375 1294 au·

346 1341 481 1429 derant,
492 1355 593 1410 noctu
606 1338 696 1434 ligna
710 1341 924 1412 contulerunt
938 1343 1027 1444 cirea
1048 1367 1157 1424 casam
1172 1367 1245 1412 eam
1264 1343 1392 1436 inqua

345 1459 548 1552 quiescebat,
573 1483 712 1553 eamque
732 1461 989 1547 succenderunt3
1014 1477 1052 1530 ut
1068 1460 1222 1532 incendio
1238 1462 1377 1532 confice-

345 1590 435 1662 rent,
451 1602 550 1670 quem
565 1603 666 1648 manu
681 1582 828 1674 superari
845 1605 941 1673 posse
955 1580 1158 1649 diffidebant.
1175 1578 1236 1650 Ille
1251 1595 1378 1668 autem,

239 1757 241 1763 ,
349 1710 387 1763 ut
401 1696 513 1766 sonitu
528 1695 668 1766 llammae
681 1713 732 1768 est
744 1700 924 1802 excitatus,
936 1698 1026 1794 quod
1036 1697 1163 1794 gladius
1172 1701 1203 1768 ei
1219 1715 1291 1768 erat
1305 1699 1380 1768 sub·

349 1814 482 1904 ductus,
508 1815 677 1886 familiaris
696 1819 746 1886 sui
773 1816 922 1888 subalare
946 1817 1048 1887 telum
1070 1818 1202 1912 eripuit.
1227 1819 1380 1913 Namque

291 2015 293 2019 ,
350 1947 421 2002 erat
437 1959 513 2002 cum
531 1961 571 2004 eo
586 1937 721 2028 quidam
742 1961 786 2006 ex
808 1937 950 2006 Arcadia
972 1938 1107 2031 hospes,
1129 1937 1186 2030 qui
1210 1961 1380 2030 nunquam

350 2053 518 2124 discedere
534 2053 692 2148 uoluerat.
709 2059 806 2124 Hunc
824 2058 916 2150 sequi
933 2081 968 2124 se
984 2057 1094 2150 jubet,
1111 2071 1146 2125 et
1167 2055 1219 2143 id,
1239 2055 1329 2149 quod
1345 2057 1381 2123 in

349 2173 525 2274 prasentia
546 2153 818 2244 vestimentorum
843 2175 921 2263 fuit,
947 2177 1097 2270 arripuit.
1123 2179 1183 2244 His
1207 2177 1242 2244 in
1271 2177 1382 2270 ignem
1460 2173 1464 2182 '

351 2293 476 2387 ejectis,
486 2293 626 2396 flanimea
637 2295 705 2362 vim
723 2295 860 2363 transiit.
874 2296 985 2383 Quem
997 2309 1035 2364 ut
1050 2296 1182 2364 barbari
1192 2295 1381 2364 incendium

349 2413 502 2509 effiigisse
518 2417 645 2485 eminus
664 2394 832 2504 viderunt,
848 2413 921 2485 telis
938 2416 1045 2496 missis
1062 2416 1312 2502 interfecerunt,
1328 2441 1382 2483 ca·

349 2550 476 2628 putquc
492 2537 562 2629 ejus
575 2535 618 2613 ad
630 2536 881 2614 Pharnabazum
893 2535 1086 2605 retulerunt.
1102 2541 1148 2605 At
1163 2533 1296 2625 mulier,
1310 2560 1383 2628 quae
1480 2511 1485 2521 Ι

351 2681 427 2724 cum
443 2679 482 2722 eo
500 2655 609 2722 vivere
625 2668 813 2743 consuerat,
831 2653 984 2724 muliebri
1000 2681 1057 2724 sua
1072 2669 1161 2724 veste
1177 2669 1383 2743 contectum,

351 2773 479 2842 aedilicii
496 2773 648 2852 incendio
664 2788 833 2843 mortuum
852 2776 1027 2866 cremavit,
1042 2774 1131 2868 quod
1149 2775 1190 2844 ad
1205 2776 1318 2868 vivum
1334 2776 1384 2842 in·

201 2924 203 2929 ·
234 2941 236 2946 .
352 2893 573 2962 terimendum
587 2908 657 2962 erat
670 2909 907 2987 comparatum.
926 2895 979 2963 Sic
990 2894 1196 2982 Alcibiades,
1207 2919 1310 2967 anuos
1323 2896 1385 2962 cir-

318 3053 320 3058 ·
353 3013 436 3084 citer
454 3012 672 3107 quadraginta
690 3027 801 3099 natus,
817 3012 905 3082 diem
921 3014 1005 3081 obiit
1021 3038 1223 3106 supremum.

401 3137 462 3204 XI.
475 3137 588 3218 Hunc,
601 3132 794 3202 infamatum
807 3159 826 3202 a
842 3133 1020 3230 plerisque,
1038 3148 1102 3201 tres
1119 3120 1304 3228 gravissimi
1320 3135 1386 3204 his·

340 3256 449 3323 ,torici
465 3255 601 3322 summis
615 3252 767 3322 laudibus
778 3251 966 3323 extulerunt
977 3235 984 3320 i
995 3249 1219 3347 Thucydides,
1231 3254 1289 3344 qui
1304 3255 1386 3347 ejus·

355 3374 430 3471 dem
453 3375 557 3442 aetatis
582 3372 664 3456 fuit3
684 3373 933 3467 Theopompus,
950 3374 1006 3465 qui
1030 3371 1092 3439 fuit
1115 3387 1190 3465 post
1215 3371 1385 3466 aliquanto

354 3507 471 3581 natus3
497 3508 532 3563 et
557 3486 715 3581 Timaeus,
736 3493 793 3586 qui
822 3492 955 3586 quidem
979 3492 1054 3561 duo¹
1071 3487 1385 3578 maledicentissimi,

356 3613 466 3683 nescio
486 3639 552 3706 quo
576 3614 690 3701 moda,
710 3615 745 3680 in
769 3611 826 3680 illo
851 3638 919 3681 uno
947 3612 1113 3685 laudando
1137 3629 1383 3683 consenserunt.

356 3737 444 3806 Nam
460 3758 514 3822 ea,
532 3758 604 3827 quae
622 3759 721 3831 supra
740 3733 896 3819 diximus,
914 3733 954 3802 de
974 3759 1013 3803 eo
1032 3734 1268 3828 praedicarunt,
1286 3749 1386 3827 atque

358 3856 422 3924 hoc
435 3850 594 3947 amplius,
611 3878 713 3946 quum
726 3854 878 3940 Athenis,
893 3852 1154 3947 splendidissima
1163 3853 1309 3941 civitate,
1326 3879 1386 3922 naa

360 3987 412 4044 tus
424 3990 524 4063 esset,
538 3951 652 4043 omnes
668 3974 882 4043 Athenienses
896 3973 1069 4068 splendore
1085 3999 1123 4042 ac
1139 3973 1302 4068 dignitate
1312 3975 1385 4042 vita
1404 4045 1405 4050 γ

360 4118 547 4188 superasse,
562 4109 735 4190 postquam
752 4094 827 4164 inde
842 4095 994 4190 expulsus
1007 4096 1135 4190 Thebas
1146 4095 1287 4184 venerit,
1303 4094 1386 4162 adeo
