3198 5174
338 505 376 562 58
679 501 853 558 connum
874 497 1030 556 NEPOTIS

339 645 431 698 tanta
451 629 622 698 severitate
642 628 798 696 exercitui
819 625 967 721 praefuit,
988 637 1026 691 ut
1044 617 1142 688 nullae
1163 641 1308 711 unquam
1328 616 1370 685 in*

339 749 469 818 Graecia
493 771 598 839 neque
622 746 861 814 exercitatiores
886 744 1004 837 copiae,
1024 763 1130 832 neque
1150 736 1252 830 magis
1276 735 1364 805 dicto
1445 770 1446 773 ¹

339 865 508 935 audientes
532 864 654 934 fuerint
678 863 769 944 duci3
792 864 827 928 in
852 884 988 953 eamque
1012 854 1281 927 consuetudinem
1307 852 1365 920 ad·

286 1011 288 1022 ’
342 984 452 1071 duxit,
469 995 524 1070 ut,
541 1007 643 1075 quum
663 978 770 1074 proelii
785 983 913 1074 signum
932 980 972 1046 ah
991 979 1187 1069 imperatore
1205 987 1289 1042 esset
1308 972 1365 1040 da-

343 1116 429 1189 tum,
447 1103 516 1170 sine
534 1100 625 1169 ducis
639 1123 739 1193 opera
756 1099 801 1166 sic
817 1097 973 1166 ordinatae
990 1097 1219 1178 consisterent,
1239 1104 1276 1160 ut
1297 1092 1364 1160 sin·

344 1219 411 1314 guli
428 1220 469 1288 ab
484 1219 679 1313 peritissimo
697 1219 895 1310 imperatore
915 1214 1062 1308 dispositi
1076 1210 1275 1280 viderentur.
1295 1213 1366 1278 Hoc

342 1337 486 1407 exercitu
517 1339 648 1404 Moram
681 1334 1002 1404 Lacedaemoniorum
1036 1331 1242 1423 intercepit:
1276 1327 1366 1422 quod

344 1455 485 1522 maxime
498 1467 566 1521 tota
581 1451 780 1521 celebratum
795 1466 844 1519 est
857 1450 993 1520 Graecia.
1008 1452 1134 1516 Iterum
1148 1446 1264 1516 eodem
1280 1444 1365 1514 bello

344 1595 458 1639 omnes
469 1571 578 1662 copias
594 1594 706 1638 eorum
722 1569 864 1663 fugavit,
878 1592 943 1661 quo
960 1567 1045 1638 facto
1060 1591 1212 1660 magnam
1229 1566 1367 1659 adeptus

345 1689 395 1756 est
425 1686 573 1783 gloriam.
601 1691 715 1777 Quum
745 1690 938 1756 Artaxerxes
965 1685 1116 1778 AEgyptio
1144 1685 1213 1778 regi
1243 1682 1366 1751 bellum

346 1804 472 1874 inferre
485 1803 604 1892 voluit,
622 1805 819 1897 Iphicratem
840 1804 880 1871 ab
900 1801 1148 1872 Atheniensibus
1169 1801 1288 1893 petivit
1306 1799 1376 1882 du·v

346 1947 433 2006 cem,
444 1947 540 2016 quem
558 1922 734 2016 praeficeret
747 1922 901 1991 exercitui
917 1919 1133 2003 conductitio,
1146 1920 1239 2011 cujus
1253 1943 1367 1986 nume-

347 2067 403 2112 rus
415 2041 587 2110 duedecim
603 2038 743 2108 millium
754 2040 831 2126 fuit3
848 2063 946 2134 quern
959 2037 1089 2132 quidem
1106 2039 1152 2106 sic
1168 2038 1259 2106 omni
1275 2037 1369 2106 disei-

346 2161 437 2256 plina
465 2158 599 2228 militari
625 2159 785 2248 erudivit,
813 2173 868 2244 ut,
896 2155 1172 2252 quemadmodum
1201 2147 1368 2249 quondam

345 2279 480 2346 Fabiani
500 2277 618 2346 milites
635 2276 776 2362 Romani
793 2275 946 2370 appellati
962 2289 1054 2361 sunt,
1071 2277 1116 2343 sio
1131 2275 1369 2368 Iphicratenses

346 2397 434 2490 apud
458 2400 589 2466 Graecos
611 2399 646 2464 iu
670 2420 796 2465 summa
819 2395 914 2463 laude
935 2395 1067 2464 fuerint.
1082 2393 1202 2480 Idem,
1223 2393 1369 2464 subsidio
1468 2387 1472 2394 ’

345 2513 598 2582 Lacedaemoniis
612 2514 796 2608 profectus,
815 2511 1050 2606 Epaminonda
1069 2511 1249 2580 retardavit
1268 2513 1370 2605 impe·

346 2643 413 2715 tus,
426 2653 519 2718 nam,
537 2633 599 2700 nisi
617 2633 686 2724 ejus
699 2631 857 2700 adventus
872 2631 1179 2724 appropinquasset,
1196 2656 1263 2700 non
1278 2632 1369 2725 prius

346 2749 493 2817 Thebani
521 2751 637 2842 Sparta
666 2750 908 2836 abscessissent,
935 2773 1034 2841 quam
1060 2733 1191 2844 captain
1218 2749 1369 2819 incendio

348 2865 518 2936 delessent.

360 3031 362 3036 -
393 2986 454 3053 ΠΙ.
479 2986 555 3052 Fuit
568 2978 678 3054 autem
696 3000 729 3054 et
745 2989 855 3055 animo
874 3011 994 3081 magno
1010 3002 1042 3056 et
1061 3011 1213 3080 corpore,
1231 2989 1370 3080 impera·

345 3102 495 3193 toriaque
511 3101 635 3189 forma,
655 3119 693 3172 ut
709 3106 780 3197 ipso
797 3119 928 3200 aspectu
945 3107 1047 3186 cuivis
1065 3107 1212 3199 injiceret
1230 3105 1369 3175 admira-

346 3219 470 3312 tionem
494 3223 554 3290 sui.
580 3222 644 3290 Sed
672 3225 706 3291 in
732 3223 842 3293 labore
867 3225 1018 3294 remissus
1045 3227 1160 3309 nimis,
1186 3251 1368 3320 parumque
1434 3268 1445 3304 ,-

346 3340 492 3431 patiens,
507 3353 545 3408 ut
563 3341 793 3434 Theopompus
810 3344 973 3411 memoriae
989 3343 1152 3436 prodidit;
1169 3345 1275 3412 bonus
1292 3349 1369 3412 vero

346 3456 443 3544 civis,
462 3437 847 3553 fideqroeffigi'aiffuod
861 3485 964 3552 quum
981 3463 1014 3528 in
1032 3461 1102 3529 aliis
1117 3462 1214 3530 rebus
1229 3461 1370 3530 declara·

347 3575 412 3660 vit,
432 3587 502 3642 tum
521 3577 660 3645 maxime
677 3579 711 3645 in
731 3578 877 3670 Amyutae
892 3578 1081 3648 Macedonis
1099 3578 1209 3648 liberis
1229 3579 1368 3649 tuendis.

347 3694 498 3786 Namque
513 3696 689 3788 Eurydice,
706 3711 811 3765 mater
825 3697 986 3767 Perdicca
1004 3712 1037 3766 et
1049 3698 1212 3793 Philippi,
1230 3723 1305 3768 cum
1320 3699 1371 3768 his

347 3810 475 3884 duobus
487 3815 613 3904 pueris,
628 3816 769 3916 Amynta
783 3830 930 3902 mortuo,
944 3817 984 3884 ad
995 3816 1194 3909 Iphicratem
1210 3816 1370 3912 confugit,

348 3933 481 4022 ejusque
500 3929 615 4023 opibus
634 3929 766 3999 defensa
786 3944 843 4000 est.
859 3934 949 4002 Vixit
969 3933 1011 4003 ad
1029 3948 1243 4022 senectutem,
1264 3936 1371 4028 placa·

348 4047 389 4114 tis
410 4049 445 4115 iu
467 4072 500 4116 se
524 4072 659 4119 suorum
685 4048 806 4118 civium
825 4053 951 4119 animis.
974 4055 1114 4121 Causam
1134 4055 1248 4146 capitis
1272 4055 1367 4124 semel
