3198 5174
636 647 857 703 arenianes.
1086 701 1093 712 ,
1126 711 1128 718 ,
1224 648 1259 704 as

235 769 345 841 dicare
359 785 585 858 consueverat,
602 795 669 845 non
686 769 842 839 adversus
862 771 1020 863 patriam,
1034 771 1090 838 sed
1111 772 1260 841 inimicos

236 913 325 976 suos,
340 886 462 957 bellum
478 890 599 982 gessit3
618 887 731 980 equod
747 887 846 956 iidem
861 889 970 960 hostes
990 903 1098 957 essent
1114 891 1259 961 civitati:

235 1032 325 1094 nam,
348 1033 451 1102 quum
477 1005 715 1100 intelligerent,
738 1031 772 1075 se
793 1005 975 1099 plurimum
995 1007 1148 1099 prodesse
1168 1033 1262 1103 posse

231 1125 435 1219 reipublicae,
456 1148 496 1194 ex
512 1150 550 1193 ea
567 1125 710 1216 ejecisse,
727 1123 865 1218 plusque
882 1127 937 1192 irae
954 1150 1034 1209 suae,
1053 1151 1152 1219 quam
1168 1126 1261 1196 utili·

233 1247 292 1313 tati
308 1247 497 1331 communi,
514 1243 696 1338 paruisse.»
711 1247 828 1336 Itaque
842 1245 941 1337 hujus
957 1243 1095 1313 consilio
1110 1245 1262 1315 Lacedae·

232 1367 337 1433 mouii
360 1340 435 1433 cuni
457 1367 631 1432 Persarum
656 1386 732 1456 rege
755 1363 931 1431 amicitiam
956 1362 1122 1450 fecerunt3
1144 1363 1262 1437 deinde

232 1481 401 1553 Deceliam
428 1485 462 1550 in
486 1482 596 1551 Attica
629 1485 835 1568 munierunt,
859 1482 1074 1574 praesidioque
1102 1499 1262 1578 perpetuo

234 1603 280 1671 ibi
296 1605 404 1696 posito
417 1603 452 1670 in
463 1602 634 1671 obsidione
643 1601 787 1669 Athenas
799 1614 986 1668 tenuerunt.
997 1602 1152 1695 Ejusdem
1163 1628 1263 1697 opera
1326 1671 1328 1676 ,

235 1725 363 1790 Ioniam
379 1745 398 1788 a
418 1720 570 1791 societate
590 1735 779 1790 averterunt
794 1719 1044 1790 Atheniensium
1058 1747 1144 1814 aquo
1159 1722 1262 1810 facto,

233 1838 340 1906 multo
359 1841 541 1932 superiores
557 1826 645 1907 bello
661 1863 729 1908 csse
745 1854 925 1933 coeperunt.

281 1961 323 2026 V.
344 1959 460 2050 Neque
477 1982 556 2026 vero
577 1958 629 2025 his
652 1958 749 2025 rebus
776 1973 842 2025 tam
871 1960 968 2026 amici
994 1955 1156 2026 Alcibiadi
1186 1973 1259 2056 sunt

231 2075 326 2164 facti,
347 2100 446 2168 quam
463 2078 580 2144 timore
596 2075 638 2142 ab
654 2100 694 2143 eo
710 2075 852 2146 alienati.
867 2079 972 2162 Nam,
988 2100 1091 2168 quum
1110 2077 1260 2145 acerrimi

115 2213 118 2220 '
175 2230 179 2239 ·
231 2197 297 2263 viri
317 2210 525 2290 praestantem
539 2193 747 2286 prudentiam
761 2197 795 2262 in
812 2196 964 2263 omnibus
977 2194 1074 2262 rebus
1087 2219 1261 2288 cognosce·

231 2328 324 2400 rent,
334 2315 589 2407 pertimuerunt,
603 2338 660 2399 ne,
670 2315 804 2382 caritate
813 2317 927 2408 patriae
939 2313 1071 2402 ductus,
1084 2313 1262 2407 aliquando

168 2497 171 2502 .
232 2432 276 2499 ab
288 2433 365 2524 ipsis
383 2430 590 2517 descisceret,
608 2445 731 2499 etcum
752 2433 817 2500 suis
838 2431 1028 2527 ingratiam
1046 2432 1177 2500 rediret.
1197 2437 1263 2502 Ita·

230 2574 300 2642 que
320 2563 448 2642 tempus
471 2551 539 2643 ejus
569 2550 785 2621 interficiendi
813 2575 958 2643 quarere
976 2553 1200 2622 instituerunt.
1224 2554 1262 2620 Id

228 2666 396 2738 Alcibiadi
420 2669 543 2738 diutius
563 2667 662 2737 celari
678 2694 745 2737 non
763 2672 872 2762 potuit
892 2695 900 2736 :
919 2652 1097 2737 eratenim
1115 2694 1153 2737 ea
1170 2694 1262 2764 saga·

227 2789 346 2873 citate,
369 2802 406 2855 ut
431 2787 538 2881 decipi
559 2813 627 2856 non
650 2802 773 2880 posset,
794 2789 975 2880 prasertim
991 2813 1092 2880 quum
1115 2791 1261 2858 animum

225 2905 423 2976 attendisset
440 2906 482 2975 ad
498 2907 690 2975 cavendum.
709 2910 825 3000 Itaque
840 2906 882 2974 ad
901 2907 1168 3000 Tissaphernem,
1180 2932 1263 3000 prae·
1350 2913 1352 2922 ‘

223 3027 353 3095 fectum
369 3025 455 3119 regis
474 3027 582 3110 Darii,
600 3050 634 3095 se
653 3018 804 3094 cuntulit.
820 3027 923 3118 Cujus
940 3049 1043 3117 quum
1058 3026 1092 3092 in
1112 3025 1262 3092 intimam
1341 3028 1343 3031 ’

222 3147 409 3214 amicitiam
426 3146 643 3238 pervenisset,
665 3160 698 3212 et
716 3141 1084 3231 Atheniensium,male
1104 3147 1202 3238 gestis
1228 3146 1263 3212 in

223 3263 341 3334 Sicilia
367 3264 481 3352 rebus,
506 3289 583 3358 opes
605 3287 787 3351 senescere,
804 3277 920 3332 contra
940 3263 1263 3332 lacedemoniorum

223 3407 377 3454 crescere
391 3383 538 3468 videret;
554 3383 650 3450 initio
668 3406 743 3449 cum
758 3381 919 3476 Pisandro
934 3397 1089 3474 praetore,
1105 3385 1162 3474 qui
1172 3382 1264 3475 ¹apud

224 3507 366 3573 Samum
376 3503 554 3572 exercitum
570 3502 726 3589 habebat,
739 3525 799 3595 per
815 3503 1036 3570 internuntios
1048 3499 1263 3593 colloquitur,

224 3638 264 3692 et
280 3622 320 3690 de
333 3622 443 3690 reditu
459 3647 518 3690 suo
538 3622 617 3690 facit
629 3620 841 3689 mentionem.
859 3625 940 3689 Erat
951 3619 1038 3687 enim
1050 3619 1180 3706 eodem,
1197 3646 1264 3712 quo

178 3781 181 3786 2
223 3740 431 3827 Alcibiades,
451 3765 562 3828 sensu,
581 3739 697 3834 populi
714 3741 869 3833 potentiae
881 3764 949 3821 non
970 3716 1108 3826 amicuh,
1125 3754 1159 3807 et
1176 3743 1264 3834 opti·

226 3877 358 3930 matum
373 3860 490 3930 fautor.
505 3861 555 3928 Ab
567 3859 630 3928 hoc
647 3860 837 3966 destitutus,
847 3859 992 3952 primum
1006 3883 1065 3951 per
1077 3859 1266 3952 Thrasybu-

226 3980 316 4067 lum,
333 3981 431 4073 Lycei
451 3978 571 4066 filium,
595 3981 641 4047 ab‘
653 3980 800 4047 exercitu
829 3963 1001 4071 recipitur,
1018 3995 1205 4070 praetorque
1228 3976 1265 4044 fn

227 4099 323 4192 apud
337 4102 485 4184 Samum;
495 4113 595 4190 post,
614 4097 815 4192 suffragante
829 4097 1049 4184 Theramene,
1066 4095 1266 4189 populiscito
1301 4167 1304 4175 ,

227 4217 431 4302 restituitur,
448 4216 585 4309 parique
601 4218 716 4286 absens
733 4219 872 4310 imperio
885 4215 1061 4308 praeficitur
1077 4214 1175 4284 simul
1189 4240 1264 4285 cum

1094 4333 1124 4402 3.
