3168 5048
429 553 602 610 conunnn
622 550 785 606 rumoris¹
800 551 1010 606 emoriens.
1199 531 1235 604 u

205 704 277 749 mas
295 691 472 774 potestates
491 677 664 764 dederant,
685 675 884 769 alteriusque
897 675 1051 744 'factionis
1065 677 1236 768 principes

208 800 329 891 partim
339 795 581 882 interfecerant,
591 794 671 863 alios
680 795 714 862 in
724 793 875 862 exsilium
888 788 1061 885 ejecerant,
1072 795 1235 886 inquibus

207 915 380 1009 Pelopidas
398 915 467 1003 hic,
482 915 603 1005 dequo
620 914 762 981 scribere
779 913 886 980 exorsi
902 937 1030 1000 sumus,
1048 911 1160 1005 pulsus
1176 937 1236 1006 pa·

207 1034 270 1102 tria
287 1033 428 1102 carebat.

255 1154 298 1219 Π.
324 1153 369 1220 Ηί
391 1177 504 1221 omnes
528 1152 595 1220 fere
613 1153 759 1221 Athenas
781 1176 814 1220 se
841 1150 1062 1235 contulerant,
1082 1175 1150 1218 non
1170 1173 1237 1243 quo

207 1285 426 1362 sequerentur
441 1271 563 1359 otium,
583 1270 639 1338 sed
656 1285 707 1357 ut,
723 1294 886 1363 quemque
903 1295 943 1337 ex
957 1271 1109 1361 proximo
1126 1253 1237 1336 locum

207 1388 277 1456 fors
292 1387 478 1476 obtulisset,
492 1413 531 1456 eo
546 1390 686 1482 patriam
704 1413 897 1482 recuperare
911 1391 1106 1456 niterentur.
1121 1391 1238 1477 Itaque

211 1529 317 1597 quum
335 1511 464 1599 te'mpus
482 1522 532 1575 est
548 1507 655 1574 visum
673 1508 720 1574 rei
738 1507 903 1601 gerendae,
924 1506 1143 1574 communiter
1162 1529 1238 1572 cum

211 1626 264 1693 his
291 1627 347 1717 qui
373 1625 494 1695 Thebis
522 1625 608 1693 idem
637 1625 820 1694 sentiebant
844 1625 932 1692 diem
959 1623 1173 1718 delegerunt,-
1197 1623 1239 1690 ad

211 1745 363 1813 inimicos
391 1743 623 1837 opprimendos
652 1745 883 1837 civitatemque
913 1742 1135 1830 liberandam,
1163 1766 1240 1810 eum

212 1887 278 1954 quo
308 1864 441 1930 maximi
470 1865 679 1957 magistratus
704 1862 801 1930 simul
834 1875 1072 1930 consueverant
1102 1860 1239 1955 epulari.

211 1985 343 2076 Magnae
363 2005 447 2074 saepe
464 2006 598 2049 resnou
619 1983 666 2049 ita
685 1983 813 2075 magnis
832 1982 935 2073 copiis
953 1995 1030 2049 sunt
1050 1995 1166 2074 gestae3
1184 1979 1241 2048 sed
1289 1959 1292 1967 ¹

212 2101 360 2192 profecto
381 2124 549 2192 nunquam
573 2101 702 2192 abtam
720 2101 811 2167 tenui
829 2101 922 2166 initio
942 2114 1041 2167 tantae
1063 2123 1141 2192 opes
1164 2113 1242 2167 sunt
1359 2154 1360 2162 ,

213 2217 404 2309 profligatae.
420 2219 507 2288 Nam
528 2217 702 2284 duodecim
717 2216 951 2285 adolescentuli
966 2218 1116 2285 coierunt
1133 2240 1173 2283 ex
1189 2215 1241 2284 his

214 2337 272 2427 qui
290 2334 402 2403 exsilio
422 2350 515 2404 erant
536 2335 683 2423 multati,
700 2361 803 2428 quum
813 2338 948 2405 omnino
961 2361 1028 2403 non
1045 2350 1152 2404 essent
1171 2359 1241 2402 am·

212 2453 300 2546 plius
321 2469 455 2522 centum
477 2456 533 2546 qui
551 2449 645 2523 tanto
665 2479 700 2522 se
715 2439 872 2522 offerrent
897 2453 1054 2548 periculo.
1075 2455 1150 2540 Qua
1166 2478 1243 2546 pau·

214 2571 312 2640 citate
330 2571 483 2664 perculsa
503 2586 551 2641 est
567 2572 892 2642 Lacedaemoniorum
910 2572 1066 2665 potentia.
1088 2573 1131 2640 Hi
1153 2573 1242 2639 enim

213 2715 280 2758 non
303 2691 407 2784 magis
430 2692 693 2772 adversariorum
717 2691 866 2778 factioni,
889 2714 988 2782 quam
1013 2690 1182 2783 Spartanis
1202 2715 1242 2757 eo

214 2822 363 2902 tempore
386 2792 510 2878 bellum
533 2809 738 2897 intulerunt,
756 2810 814 2901 qui
830 2809 995 2902 principes
1020 2823 1115 2898 erant
1141 2808 1241 2876 totius

212 2929 367 2998 Graeciae:
382 2952 524 3019 quorum
540 2927 670 3020 imperii
680 2931 845 3019 majestas,
858 2951 964 3020 neque
977 2927 1024 2994 ita
1035 2925 1141 2994 multo
1154 2941 1241 3020 post,

212 3048 388 3116 Leuctrica
410 3072 537 3141 pugna,
557 3047 598 3114 ab
623 3044 686 3114 hoc
706 3047 801 3114 initio
824 3043 989 3138 perculsa,
1016 3046 1169 3114 concidit.
1189 3045 1242 3115 Illi

213 3165 315 3259 igitur
324 3163 745 3257 duodecim,quorumerat
754 3163 821 3231 dun
830 3161 1130 3255 Pelopidas,quum
1141 3165 1244 3234 Athe·

209 3285 266 3350 ·nis
283 3283 425 3352 interdiu
444 3285 586 3353 exissent
603 3297 642 3351 ut
657 3295 905 3376 vesperascente
921 3280 1003 3350 coelo
1018 3283 1147 3352 Thebas
1167 3307 1243 3376 pos·

214 3414 285 3470 sent
304 3403 489 3495 pervenire,
507 3427 581 3471 cum
599 3403 736 3470 canibus
748 3401 905 3469 venaticis
918 3401 1082 3489 exierunt,
1097 3401 1179 3470 retia
1195 3401 1243 3469 fe·

214 3533 338 3607 rentes,
359 3521 479 3588 vestitu
501 3519 642 3615 agresti,
659 3544 726 3612 quo
748 3520 877 3588 minore
894 3519 1079 3612 suspicione
1099 3519 1242 3588 facerent

215 3640 286 3706 iter.
307 3638 376 3724 Qui
392 3661 495 3728 quum
516 3651 662 3730 tempore
679 3639 751 3730 ipso
773 3659 840 3730 quo
861 3637 1056 3710 studuerant
1073 3640 1240 3732 pervenis-

214 3771 303 3844 sent,
322 3756 459 3824 domum
477 3756 640 3825 Charonis
656 3755 875 3845 devenerunt,
891 3781 911 3826 a
927 3781 992 3849 quo
1014 3771 1048 3825 et
1065 3771 1193 3850 tempus
1210 3771 1244 3825 et

215 3877 285 3946 dies
299 3890 376 3956 erat
395 3875 500 3944 datus.

260 4000 321 4065 Ill.
344 4001 416 4066 Hoc
436 3995 510 4065 loco
523 3996 611 4066 libet
626 3998 851 4092 interponere,
867 4001 928 4068 etsi
944 3968 1128 4092 sejunctum
1147 4000 1188 4066 ab
1208 4024 1244 4068 re

136 4199 140 4208 ⁸
216 4118 386 4212 proposita
401 4130 465 4204 est,
477 4118 578 4190 nimia
595 4117 712 4206 fiducia
723 4133 854 4211 quantae
863 4117 1041 4188 calamitati
1050 4117 1151 4188 soleat
1165 4142 1242 4188 esse.
