3168 5048
611 505 795 562 EUMENES.
1085 535 1087 538 ·
1162 503 1215 560 105
1333 505 1338 515 '

15 647 17 652 '
124 717 125 722 γ
240 637 330 703 XIII.
356 637 410 704 Sic
422 637 583 702 Eumenes
597 657 760 701 annorum
781 631 925 725 quinque
942 645 974 699 et
986 628 1216 725 quadraginta,

192 779 296 846 quum
316 754 359 821 ab
378 778 465 825 anno
482 753 650 840 vicesimo,
671 753 721 820 uti
740 752 841 846 supra
861 750 1076 838 ostendimus,
1094 765 1215 844 septem

193 897 295 941 annos
319 871 472 966 Philippo
493 873 710 966 apparuisset,
733 885 766 938 et
790 869 944 938 tredecim
968 868 1057 962 apud
1081 868 1214 938 Alexan·

195 990 291 1059 drum
316 965 465 1060 eumdem
489 990 599 1059 locum
623 990 830 1077 obtinuisset-3
856 990 890 1057 in
912 989 963 1056 his
988 989 1046 1056 uni
1071 990 1216 1081 equitum

194 1107 251 1177 alae
277 1109 477 1205 praefuisset3
502 1123 577 1202 post
604 1124 713 1177 autem
737 1106 912 1179 Alexandri
937 1107 1052 1200 Magni
1078 1093 1217 1174 mortem

194 1229 370 1321 imperator
389 1229 548 1296 exercitus
570 1227 730 1315 duxisset,
752 1249 959 1320 summosque
981 1225 1079 1294 duces
1097 1225 1218 1317 partim
1309 1267 1311 1274 ι

193 1344 378 1440 repulisset,
392 1347 512 1440 partim
528 1347 753 1432 interfecisset3
768 1321 881 1439 captus
900 1370 967 1414 non
981 1344 1138 1436 Antigoni
1154 1343 1218 1410 vir-

193 1479 279 1551 tute,
292 1465 347 1533 sed
357 1463 577 1534 Macedonum
588 1465 748 1559 perjurio,
761 1464 859 1532 talem
869 1463 985 1533 habuit
997 1465 1120 1531 exitum
1131 1462 1214 1531 vitae.

194 1586 235 1650 In
259 1608 324 1675 quo
348 1601 471 1677 quanta
492 1582 590 1655 fuerit
616 1586 763 1652 omnium
789 1584 901 1677 opinio
925 1607 1039 1650 eorum
1063 1581 1120 1673 qui
1142 1598 1218 1674 post

194 1700 414 1771 Alexandrum
431 1707 592 1798 Magnum
611 1727 702 1796 reges
719 1694 796 1770 sunt
813 1699 980 1797 appellati,
999 1725 1038 1768 ex
1052 1700 1115 1767 hoc
1133 1697 1217 1768 facil·

144 1847 147 1853 ·
194 1818 271 1890 lime
304 1837 411 1916 potest
433 1823 589 1914 judicari,
604 1822 693 1914 quod
705 1847 818 1908 nemo,
831 1825 977 1889 Eumene
990 1820 1079 1905 vivo,
1094 1842 1151 1886 rex
1164 1842 1219 1910 ap-

189 1939 332 2033 pellatus
349 1956 411 2028 est,
431 1943 486 2010 sed
508 1941 693 2035 praefectum
714 1941 826 2028 iidem,
843 1953 918 2034 post
936 1939 1035 2030 hujus
1052 1961 1216 2024 occasum,

195 2061 304 2128 statim
324 2063 450 2154 regium
468 2075 621 2129 ornatum
637 2035 822 2151 nomenque
838 2071 1047 2151 sumpserunt
1068 2081 1075 2123 :
1096 2080 1217 2147 neque,

195 2177 284 2270 quod
306 2180 400 2246 initio
429 2178 662 2272 praedicarant,
692 2202 725 2247 se
752 2152 928 2247 Alexandri
950 2174 1058 2243 liberis
1080 2198 1216 2273 regnum

195 2319 337 2383 servare,
364 2295 399 2363 id
421 2295 573 2389 pralstare
596 2293 791 2383 voluerunt;
814 2309 861 2383 et,
886 2319 954 2363 uno
974 2307 1229 2387 propugnatore¹

187 2403 338 2501 sublato,
358 2414 437 2505 quid
451 2416 621 2503 sentirent,
637 2429 844 2509 aperuerunt.
862 2412 969 2504 Hujus
986 2410 1111 2480 sceleris
1125 2411 1216 2504 prin·

195 2531 281 2624 cipes
299 2532 432 2601 fuerunt
448 2534 648 2626 Antigonus,
666 2530 872 2620 Ptolemaens,
883 2530 1062 2619 Seleucus,
1075 2531 1218 2622 Lysima-

194 2649 299 2737 chus,
312 2629 501 2738 Cassander.
520 2654 705 2746 Antigonus
723 2667 832 2722 autem
850 2655 1030 2720 Eumenem
1050 2663 1218 2717 mortuum

179 2771 386 2864 ‘propinquis
400 2772 470 2863 ejus
486 2770 706 2865 sepeliendum
720 2771 853 2839 tradidit
867 2797 875 2839 ι
889 2770 924 2838 hi
938 2766 1069 2839 militari
1082 2769 1218 2849 honesto

195 2887 325 2975 funere,
348 2893 523 2959 comitante
546 2906 616 2959 toto
638 2892 799 2979 exercitu,
825 2891 1059 2976 humaverunt3
1085 2913 1219 2982 ossaque
1257 2915 1261 2923 ’

194 3007 264 3099 ejus
282 3009 316 3076 in
334 3010 575 3106 Cappadociam
593 3010 635 3077 ad
655 3026 792 3079 matrem
814 3025 920 3104 atque¹¹
933 3000 1068 3077 uxorem
1087 3007 1216 3077 liberos·

194 3151 258 3218 que
275 3128 345 3220 ejus
362 3129 565 3223 deportanda
582 3145 749 3198 curarunt.
