3198 5174
524 1237 941 1344 LYSANDER.

654 1631 813 1649 —Q—

220 1873 447 2022 ltrsnunnn,
461 1935 745 2022 Lacedaemonius,
759 1958 914 2029 magnam
928 1935 1063 2030 reliquit
1072 1939 1123 2007 sui
1132 1938 1251 2008 famam

219 2054 323 2147 magis
336 2054 508 2141 felicitate,
528 2080 629 2148 quam
643 2055 766 2122 virtute
781 2068 921 2148 partam.
935 2057 1153 2126 Athenienses
1165 2060 1251 2127 enim

219 2173 255 2239 in
265 2170 523 2266 Peloponnesios
536 2187 628 2241 sexto
642 2189 674 2240 et
686 2174 843 2256 vicesimo
859 2174 1081 2244 annobellum
1094 2191 1254 2270 gerentes,

220 2292 400 2360 confecisse
418 2307 575 2384 apparet:
591 2292 626 2359 id
643 2316 708 2385 qua
726 2295 856 2361 ratione
876 2309 1073 2362 consecutus
1087 2297 1144 2383 sit,
1162 2294 1253 2363 latet.

220 2413 297 2482 Non
315 2412 403 2479 enim
419 2413 543 2478 virtute
562 2412 613 2479 sui
629 2411 808 2498 exercitus,
825 2412 882 2482 sed
901 2412 1110 2482 immodestia
1130 2415 1255 2483 factum

220 2545 270 2599 est
284 2529 564 2614 adversariorum3
579 2530 653 2622 qui,
670 2531 760 2624 quod
783 2531 872 2600 dicto
892 2530 1063 2600 audientes
1078 2533 1256 2626 imperato-

219 2650 311 2718 ribus
328 2651 395 2719 suis
412 2676 479 2719 non
495 2664 608 2736 erant,
625 2648 779 2743 dispalati
791 2651 825 2718 in
842 2652 944 2744 agris,
961 2649 1085 2721 relictis
1105 2641 1256 2744 navibus,

219 2771 254 2838 in
269 2769 416 2838 hostium
431 2784 595 2850 venerunt
608 2783 815 2862 potestatem.
836 2773 915 2859 Quo
934 2769 1022 2838 facto
1039 2762 1257 2842 Athenienses

219 2913 254 2958 se
272 2889 532 2959 Lacedaemoniis
548 2875 755 2957 dediderunt.
773 2893 845 2958 Hac
856 2890 995 2958 victoria
1007 2891 1178 2984 Lysander
1193 2891 1259 2973 ela-

219 3024 289 3099 tus,
306 3030 409 3105 quum
432 3023 530 3078 antea
546 3034 676 3103 semper
696 3011 851 3078 factiosus
870 3009 1043 3102 audaxque
1064 3009 1192 3100 luisset,
1210 3013 1258 3080 sic

138 3169 149 3215 1
219 3131 280 3199 sihi
302 3127 454 3217 indulsit,
472 3143 510 3197 ut
525 3131 595 3222 ejus
615 3153 717 3223 opera
738 3129 772 3196 in
791 3131 970 3198 maximum
987 3129 1102 3199 odium
1121 3133 1258 3201 Graeeiae

219 3248 460 3320 Lacedaemonii
476 3249 696 3342 pervenerint.
715 3249 802 3317 Nam
818 3273 922 3341 quum
940 3249 1027 3320 hanc
1041 3273 1175 3320 causam
1192 3255 1255 3322 La-

220 3370 412 3439 cedaemonii
433 3368 641 3437 dictitassent
658 3367 721 3436 sibi
740 3391 810 3436 esse
826 3365 923 3453 belli,
947 3382 985 3436 ut
1004 3369 1257 3439 Atheniensium

219 3492 437 3585 impotentem
451 3490 710 3559 dominationem
720 3487 960 3581 refringerent-3
974 3503 1151 3581 postquam
1169 3491 1258 3583 apud

219 3613 317 3706 AEgos
331 3611 454 3679 flumen
470 3610 641 3705 Lysander
657 3607 769 3678 classis
786 3609 931 3680 hostium
948 3623 997 3676 est
1013 3609 1156 3701 potitus,
1173 3611 1256 3680 nihil

220 3729 310 3802 aliud
328 3728 464 3798 molitus
480 3744 543 3819 est,
560 3756 660 3823 quam
674 3743 716 3798 ut
734 3752 848 3797 omnes
863 3728 1013 3796 civitates
1033 3728 1068 3795 in
1089 3753 1147 3797 sua
1169 3745 1260 3800 tene-

220 3865 270 3919 ret
290 3864 467 3944 potestate,
479 3873 582 3941 quum
599 3849 634 3918 id
649 3875 683 3918 se
698 3849 1025 3918 Lacedaemoniorum
1038 3874 1135 3920 causa
1151 3851 1259 3921 facere

217 3969 399 4056 simularet.
428 3970 580 4061 Namque
605 3968 769 4062 undique,
793 3969 850 4063 qui
876 3967 1131 4037 Atheniensium
1160 3971 1258 4040 rebus

220 4089 436 4177 studuissent,
449 4088 577 4182 ejectis,
595 4088 710 4157 decem
726 4087 892 4183 delegerat
908 4089 942 4156 in
959 4113 1156 4181 unaquaque
1178 4090 1257 4158 civi-

221 4226 300 4295 tate,
313 4205 432 4303 quihus
448 4233 615 4278 summurn
631 4208 824 4300 imperium,
836 4221 1098 4301 potestatemque
1107 4210 1257 4279 omnium
