3114 5032
326 517 329 524 ’
435 510 474 564 IN
494 510 602 564 vlTas
623 510 777 568 EXCELL.
796 511 925 566 lMPEll.
1137 529 1193 585 219

162 639 221 700 tur,
239 632 398 706 symbolum
416 637 476 686 erat
494 632 608 707 Spartae
625 632 759 700 civitatis,
779 634 856 705 cujus
872 651 979 690 nomen
990 633 1079 690 oritur
1095 652 1194 690 avoce

164 721 295 796 rnaipra,
307 723 382 779 limis
397 727 537 797 sparteus,
549 723 596 780 vel
612 743 628 780 a
641 721 771 796 rotomi,
784 725 887 797 sativa,
898 726 1046 796 seminata,
1063 726 1195 800 idemque

164 834 197 870 ac
203 810 226 871 oi
236 813 375 891 enecari,
381 815 523 884 Thebani,
532 815 563 872 id
569 797 667 886 ieamer
674 817 804 875 draconis
811 818 910 884 Cadmi
917 818 1046 875 dentibus
1055 817 1119 874 satis
1126 819 1194 874 nati.

204 909 327 964 Helotes.
345 907 426 966 Servi
441 908 549 983 publici
566 909 626 983 qui,
645 910 720 983 apud
737 910 977 982 Lacedaemonios,
994 910 1067 984 agris
1084 911 1195 966 arandis

164 1000 309 1073 praepositi
320 1010 413 1069 erant,
430 1010 458 1057 et
474 1001 575 1057 urbem
592 1001 774 1072 Laconicam,
791 1021 851 1077 quae
869 1003 1022 1060 vocabatur
1041 1004 1143 1070 Helos,
1159 1003 1196 1059 ab

164 1084 239 1160 inas,
257 1093 352 1165 palus,
368 1092 446 1148 locus
463 1092 631 1164 paludosus,
643 1093 812 1153 incolebant.

203 1184 267 1238 Car.
290 1184 338 1254 [Y.
363 1184 495 1258 Argilhts.
514 1187 610 1242 Graece
631 1179 696 1257 cititp
709 1177 864 1264 ’Ap-ylatas,
882 1185 957 1258 apud
972 1183 1144 1260 Thucydid,
1166 1204 1198 1255 1,

170 1275 239 1344 132,
250 1273 321 1330 mihi
333 1274 445 1332 videtur
456 1294 561 1331 nomen
570 1277 717 1353 proprium
734 1297 750 1332 a
766 1293 836 1336 voce
849 1273 937 1354 ἀργός
949 1287 996 1334 aut
1008 1270 1122 1355 iipytos,
1133 1295 1199 1332 can-

166 1365 250 1422 didus
266 1377 298 1422 ut
310 1367 401 1439 pullus
413 1367 545 1434 milvinus
558 1369 604 1426 vel
619 1368 776 1439 catamitus,
791 1369 955 1428 derivatum.

206 1459 315 1514 Fanum
327 1459 456 1537 Nepnani.
470 1460 560 1533 Hujus
573 1463 672 1535 templi
682 1462 834 1519 meminere
848 1463 967 1532 Strabo,
979 1481 1025 1532 1x;
1041 1463 1132 1534 Mela,
1140 1480 1199 1540 sti,
1308 1533 1310 1536 Ι

168 1551 202 1620 33
215 1550 435 1626 Plutarchus,¹in
451 1552 586 1627 Pompeio
590 1571 603 1621 ;
618 1553 773 1628 Stephanus
786 1555 882 1610 etalii.

208 1645 245 1697 In
265 1661 319 1696 ara
341 1643 471 1698 consedit.
498 1643 562 1712 Qtti·
576 1644 791 1718 supplicantium
811 1665 873 1702 mos
899 1654 966 1700 erat.
984 1643 1029 1700 Sic
1054 1642 1199 1717 Virgilius,

169 1731 296 1799 AEnet'd.,
312 1751 354 1801 11,
364 1731 435 1803 574,
447 1733 483 1790 de
500 1735 608 1791 Helena
622 1755 628 1790 :
643 1738 802 1793 naisitano
815 1737 934 1794 sedebat.

209 1825 272 1879 Cae.
286 1826 319 1880 V.
334 1827 372 1880 In
385 1827 478 1881 oedem
490 1827 643 1897 Minervae,
659 1819 725 1902 qum
736 1829 913 1885 afnaniaecos
921 1839 1042 1884 uocauit.
1055 1827 1091 1882 In
1104 1843 1201 1898 quarm

170 1917 248 1972 velut
263 1916 303 1971 ad'
313 1918 432 2000 asylum,
450 1918 498 1992 qui
514 1918 710 1993 confugerant,
725 1921 891 2003 impunitate
910 1919 1096 1975 donabantur.
1116 1917 1202 1972 Chal-

170 2009 269 2063 erincos
283 2006 380 2084 (graece
387 2007 572 2082 Xenaiontas,
586 2030 685 2066 aeream
701 2012 788 2068 aedem
801 2011 933 2088 habens),
947 2011 996 2066 alii
1009 2009 1159 2088 adsedem,
1172 2018 1203 2063 ut

170 2099 202 2154 in
225 2100 280 2180 Tit.
298 2101 374 2172 Lim,
394 2118 485 2172 xxxv,
507 2102 558 2174 363
578 2103 627 2158 alii
647 2103 685 2159 ad
703 2103 861 2164 Minervam
877 2103 1010 2159 reiemnt.
1027 2098 1203 2174 Thucydides

171 2209 253 2263 vero,
269 2211 352 2266 quem
369 2195 544 2270 potissimum
562 2195 592 2252 C.
606 2197 701 2268 Nepos
714 2184 853 2270 sequitur,
869 2195 909 2251 ait
924 2195 957 2252 nb
976 2191 1040 2268 isphr
1053 2187 1105 2252 ais
1121 2179 1203 2247 Χαλ-

172 2291 287 2346 κιοίκου.
300 2285 385 2344 Unde
393 2287 492 2345 hocad
503 2288 661 2357 Minervam
674 2289 778 2346 referre
791 2288 895 2344 malim.
1119 2290 1124 2302 ”

510 2483 548 2529 lu
574 2481 718 2529 canotus
745 2479 862 2528 vinnm.

213 2638 277 2693 css.
290 2638 314 2692 1.
330 2638 510 2693 Gemmnam.
524 2637 633 2696 Eodem
644 2647 739 2712 patre,
751 2637 801 2694 sed
817 2636 928 2696 diversa
940 2647 1028 2698 matre
1041 2646 1142 2691 natam.
1197 2708 1198 2712 Ἰ

216 2731 313 2785 Patrio
335 2748 417 2784 more.
439 2731 498 2786 Lex
519 2739 579 2786 erat
598 2727 714 2786 Athenis
738 2739 769 2783 ut
792 2728 916 2802 proximi
938 2727 1061 2802 virgines
1079 2729 1162 2784 orbas
1179 2739 1206 2784 et

175 2821 315 2877 indotatas
327 2821 470 2876 ducerent.

133 2942 135 2947 ·
215 2914 278 2969 en».
292 2914 330 2968 ΙΙ.
344 2912 597 2980 Sessoresoeteres.
611 2912 726 2972 Rectius
741 2913 815 2968 forte
829 2911 979 2986 legendum
991 2931 1174 2987 possessores.
1267 2897 1288 2908 “’
1398 2935 1400 2946 ·

194 2991 196 2998 ¹
214 3006 277 3060 Cae.
297 3005 348 3060 ΙΙΙ.
361 3002 501 3080 Ceterique
513 3005 724 3062 Atheniensium
729 3006 882 3080 pantices.
892 3005 1017 3060 'lheseus
1026 3004 1143 3074 scilicet,
1156 3006 1209 3060 So-

180 3097 241 3164 lon,
254 3094 401 3164 Aristides,
414 3097 631 3166 Themistocles,
646 3095 787 3166 Phocion,
807 3097 909 3170 aliique
928 3083 1094 3169 complures.

219 3187 297 3242 Citio.
312 3185 392 3255 ciui,
407 3188 559 3243 stoicorum
571 3199 651 3244 seetae
665 3188 810 3257 conditor,
820 3191 897 3246 Zeno
912 3199 992 3245 natus
1006 3198 1073 3242 erat.

217 3304 229 3330 a
247 3278 344 3336 Facies
362 3277 486 3333 Cimonis
505 3279 536 3332 in
553 3298 734 3342 nummorum
750 3298 877 3341 meorum
898 3289 969 3348 uno,
984 3279 1077 3352 iuquit
1097 3279 1209 3352 Rosius,

178 3370 351 3445 conspicitur
376 3387 440 3424 ctam
461 3369 644 3443 inscriptione
664 3368 839 3428 ΚΤΜΟΝΟΣ
864 3370 1045 3428 anatalon
1072 3366 1211 3445 (Cimonis

179 3459 380 3537 Atheniensis).
397 3463 431 3516 In
449 3460 558 3534 postica
573 3473 653 3535 parte
669 3463 797 3522 Victoria
809 3463 954 3522 seminuda
971 3461 1054 3526 armis
1072 3461 1211 3530 insidens,

178 3556 277 3610 dextra
291 3555 428 3628 palmam,
446 3553 559 3608 sinistra
570 3555 698 3628 clypeum
710 3567 822 3625 tenens,
834 3555 866 3612 in
884 3573 941 3629 quo
958 3555 1039 3614 NIKH
1054 3549 1209 3628 (uictorm):

178 3647 456 3715 intramuraneum
469 3643 707 3723 (Atheniensium)
719 3667 726 3702 τ
740 3647 844 3705 choum
857 3647 1024 3717 Victoriam,
1036 3645 1140 3701 tusa
1148 3647 1216 3700 ΛΑ-“

179 3735 453 3796 ΚΕΔΛῙΜΟΝΙΩΝ
472 3735 522 3814 (de
532 3737 779 3817 Lacedaemoniis).
798 3739 1008 3808 Recentiorem,
1024 3750 1053 3795 et
1068 3736 1212 3812 superiore

178 3832 279 3888 saeculo
292 3850 386 3886 cusum
396 3849 471 3901 esse,
486 3831 535 3886 vix
554 3830 663 3886 dubito.
681 3833 814 3888 llermam
832 3832 904 3905 ejus,
921 3833 970 3890 sed
989 3833 1079 3906 capite
1095 3841 1211 3886 trunca-

179 3934 250 3993 tum,
273 3923 409 3978 exhibent
425 3923 521 3978 Ursini
540 3923 693 3996 imagines,
711 3943 786 3980 num.
804 3924 856 3991 cu.
878 3944 891 3973 n
910 3926 1044 3980 Nummus
1063 3925 1212 3996 Syracusa-

179 4035 241 4071 rum
255 4015 370 4072 exhibet
378 4015 408 4070 in
418 4015 509 4070 antica
518 4026 597 4088 parte
611 4025 696 4091 eaput
703 4017 879 4092 Proserpinae
892 4035 941 4071 seu
952 4014 1047 4089 potius
1060 3997 1212 4080 Arethusae,

180 4125 244 4162 cum
262 4108 415 4184 epigraphe
428 4107 613 4179 autetiam
626 4108 656 4162 in
672 4109 779 4182 postica
794 4128 863 4165 vero
881 4107 1031 4183 quamdam
1047 4105 1168 4180 effigiem
1183 4107 1213 4160 in
