3198 5174
380 398 416 472 ji
622 400 624 406 ⁴
724 398 903 455 conumu
924 397 1081 457 umoris

387 538 457 593 tarn
469 523 653 619 pollicetur.
668 525 753 592 Sane
765 522 910 593 Tulliani
924 547 993 592 esse
1010 525 1069 593 sevi
1084 526 1294 620 scriptorem,
1314 547 1420 618 neque

387 655 504 744 alitun,
528 681 629 750 quam
653 650 830 751 Nepotem,
850 671 923 724 tum
946 669 1094 726 veterum
1114 655 1240 751 aliquot
1259 655 1419 726 librorum

386 787 509 858 indicio
530 791 761 889 cognoscitur3
783 803 855 858 tum
879 790 996 876 etiam,
1020 788 1110 881 quod
1133 790 1175 859 ad
1200 791 1419 885 Pomponium

386 923 532 990 Atticum
545 921 664 1017 (cujus
677 923 761 990 idem
776 938 894 1016 rogatu
907 922 948 990 de
959 923 1027 991 vita
1039 916 1174 991 Catonis
1188 920 1310 990 librum
1324 921 1419 1011 fecit)

385 1054 461 1122 vite
479 1056 547 1124 iste
561 1034 759 1124 scribantur.
777 1055 913 1125 Accedit
930 1069 964 1122 et
981 1052 1083 1122 altera
1100 1055 1205 1122 ratio:
1220 1077 1297 1122 nam
1315 1055 1367 1123 his
1384 1056 1419 1123 in

384 1185 477 1256 libris
488 1212 525 1257 ea
537 1187 645 1281 legere
656 1201 718 1273 est,
731 1213 803 1280 quae
820 1213 905 1283 opus
923 1187 986 1256 lioc
997 1188 1159 1281 scriptum
1176 1209 1245 1255 esse
1260 1185 1419 1273 clamant,

376 1345 452 1414 vcpio
474 1303 623 1414 tempore
647 1323 823 1414 Pompeius
847 1337 881 1390 et
904 1324 1013 1390 Caeser
1037 1319 1113 1415 plus
1130 1312 1299 1415 poterant,
1319 1292 1418 1412 quam

385 1452 490 1521 libera
511 1454 545 1520 in
572 1452 741 1547 republica
762 1452 938 1546 expediret.
963 1458 1012 1523 Ea
1034 1453 1215 1528 Lambinus
1244 1451 1317 1521 loca
1343 1476 1419 1522 con·

346 1579 348 1584 ’
386 1587 499 1678 gessit,
514 1600 552 1653 ut
569 1584 802 1654 nihil'attineat
815 1584 871 1654 illa
884 1587 938 1654 hic
951 1610 1111 1680 reponere
1123 1598 1145 1652 ¹.
1287 1580 1290 1585 ’

388 1758 389 1761 =
432 1719 509 1812 Egit
533 1733 644 1786 autem
668 1720 779 1813 Nepos
804 1732 876 1787 tum
898 1719 938 1786 de
958 1720 1070 1812 graecis
1093 1718 1326 1812 scriptoribus,
1347 1731 1418 1786 tum

385 1850 426 1918 de
442 1850 561 1921 latinis.
581 1856 634 1923 De
652 1853 782 1946 graecis,
801 1850 920 1945 colligo
936 1850 1026 1938 inde,
1047 1850 1137 1944 quod
1158 1852 1192 1918 in
1214 1851 1332 1920 Dionis
1351 1852 1419 1920 vita

385 1981 490 2071 dicat,
507 1982 629 2052 librum
650 2009 683 2052 se
698 1984 811 2053 fecisse
826 1983 867 2053 de
889 1983 1070 2052 illustribus
1087 1984 1250 2052 historicis
1270 2011 1278 2052 :
1298 1987 1333 2052 in
1350 2009 1417 2077 quo

385 2116 471 2183 inter
487 2114 550 2184 alia
561 2118 714 2210 tractavit
725 2116 766 2185 de
783 2116 922 2185 Philisto
936 2117 1102 2185 historico.
1117 2119 1169 2186 De
1183 2115 1311 2205 latinis,
1323 2142 1419 2211 argu·

380 2261 498 2319 mento
516 2263 593 2317 sunt
610 2249 764 2344 plurima.
782 2252 868 2320 Nam
886 2248 928 2317 do
943 2227 1097 2317 Terentio
1112 2250 1230 2342 egisse,
1247 2273 1287 2317 ex
1302 2252 1418 2318 Sueto·

383 2384 440 2450 nio
464 2385 584 2451 scimus
606 2385 640 2450 in
665 2385 809 2452 Terentii
828 2383 915 2469 vita,
936 2385 1070 2450 Donato
1087 2401 1260 2476 perperam
1283 2382 1416 2450 tributa.

382 2514 435 2584 Ad
455 2516 543 2603 liaee,
561 2517 706 2609 primum
724 2515 765 2584 de
780 2517 849 2583 vita
862 2514 1029 2584 Ciceronis
1043 2512 1165 2581 librum
1180 2512 1305 2588 Gellius
1324 2515 1417 2602 citat,

383 2644 439 2714 lib.
460 2669 525 2733 xv,
541 2672 611 2741 cap.
633 2647 696 2733 283
715 2672 819 2740 eoque
837 2673 876 2716 ex
897 2671 996 2742 opere
1017 2645 1236 2740 fragmentum
1259 2647 1419 2740 Hierony·

385 2803 458 2847 mus
476 2779 586 2866 affert,
610 2782 713 2875 Epist.
732 2781 774 2849 ad
792 2781 1048 2850 Pammachium.
1068 2785 1140 2850 Imo
1159 2780 1334 2849 verisimile
1353 2795 1417 2866 est,

384 2913 461 2981 iude
473 2938 540 2990 esse
558 2930 630 2983 tum
643 2918 743 2984 vitam
750 2917 981 3010 vT.'Pomponii
994 2917 1095 2985 Attici
1105 2968 1114 3000 ,
1126 2940 1198 3008 quae
1209 2930 1332 3003 exstat,
1348 2930 1417 2984 tum

383 3048 485 3115 vitam
499 3050 657 3156 Catonis,
670 3073 769 3140 quam
788 3028 857 3117 istis
870 3047 994 3116 claudit
1006 3048 1135 3115 verbis:
1151 3077 1166 3111 κ
1175 3048 1282 3139 Hujus
1297 3048 1337 3115 de
1350 3049 1417 3114 vita

380 3193 416 3250 et
434 3181 581 3249 moribus
600 3180 697 3275 plura
716 3183 750 3250 in
769 3207 808 3250 eo
827 3161 1094 3274 libro‘persecuti
1111 3206 1240 3269 sumus,
1258 3205 1355 3273 quem
1370 3205 1418 3248 se-

382 3316 524 3406 paratim
539 3315 579 3382 de
591 3340 629 3382 eo
641 3314 775 3384 fecimus
787 3329 906 3409 rogatu
918 3314 984 3383 Titi
993 3287 1167 3413 Pomponii
1185 3315 1292 3382 Attici.
1305 3316 1418 3404 Quare

384 3446 545 3516 studiosos
565 3452 701 3518 Catonis
720 3450 763 3517 ad
782 3447 863 3517 illud
884 3447 1039 3517 volumen
1059 3445 1248 3541 relegamus.
1266 3453 1418 3549 »Aperte

408 3649 434 3719 ζ
458 3641 494 3694 Et
506 3659 582 3694 nunc
593 3650 686 3695 tamen
701 3651 839 3714 repugnat
851 3642 951 3695 G.-Fr.
965 3639 1058 3694 Rinck
1076 3649 1137 3693 toto
1153 3638 1228 3692 libro
1243 3661 1250 3689 ε
1265 3640 1371 3712 Saggio
1388 3640 1419 3692 di

383 3752 420 3787 un
433 3733 540 3788 Esame
555 3734 648 3786 critico
660 3751 718 3807 per
729 3734 865 3788 restituire
877 3733 919 3786 ad
933 3733 1038 3786 Emilio
1047 3732 1139 3786 Probo
1156 3731 1178 3784 it
1196 3730 1276 3796 libro,
1296 3732 1339 3784 De
1352 3730 1415 3785 Vita

384 3827 481 3880 excell.
506 3824 591 3897 imp,
620 3825 729 3879 creduto
754 3826 962 3882 comunemente
987 3825 1019 3878 di
1037 3823 1163 3880 Comelio
1185 3825 1307 3896 Nepote,
1321 3818 1418 3878 Vene-

383 3917 442 3982 tiis,
457 3915 551 3971 1818.
565 3917 725 3988 Respondit
738 3936 807 3972 vero
821 3920 837 3972 J
839 3919 904 3972 oele·
913 3919 1033 3972 Kohen:
1051 3915 1280 3971 Considerazioni
1290 3918 1336 3968 sul
1342 3903 1417 3988 Sag-

382 4012 444 4085 gio,
460 4020 528 4079 etc.;
545 4010 714 4079 Mediolani,
732 4010 818 4085 1819.
913 4054 915 4058 Α
1201 4005 1204 4010 ’
