3114 5032
505 492 829 567 onsnnvlmonns.
1132 513 1187 568 203

138 654 211 692 non
229 635 269 691 ita
284 636 398 711 rogatus
416 635 587 708 respondeat
601 655 608 689 :
623 635 774 691 Miltiades.
790 638 825 691 tt
840 635 897 690 illic
911 651 1047 710 nusquam
1060 636 1118 709 ejus
1131 657 1188 692 no·
1270 627 1272 634 ⁴

139 747 217 786 rnen
230 727 393 800 inscription
407 737 456 782 est.
470 726 596 799 —Quid
610 725 668 781 itai
682 745 742 781 uon
757 727 839 801 petiit
853 727 910 782 hoc
923 728 1190 802 praemiumi-Pe-

139 821 195 875 tiit
216 820 345 893 quidem,
361 817 411 874 sed
434 820 557 893 populus
577 837 635 874 nou
653 818 743 888 dedit3
758 839 856 875 verum
872 821 898 876 ei
918 839 972 895 pro
989 820 1112 877 nominis
1129 822 1190 878 ins-

140 911 289 986 criptione
303 911 454 981 concessit,
471 923 502 967 ut
518 911 624 986 primus
637 912 739 968 milites
755 913 905 968 cohortans
922 913 1093 987 pingeretur.
1113 935 1125 963 a
1263 985 1267 992 .

158 1025 159 1028 ’
184 1007 269 1064 Patet
286 1023 321 1060 ex
334 1003 378 1060 bis
397 1003 519 1060 oratoris
536 1003 645 1074 verbis,
658 1015 691 1059 ut
704 1015 732 1060 et
749 1024 765 1060 e
780 1005 925 1079 scriptoris
941 1005 1069 1060 historici
1089 1023 1189 1061 narra-

139 1097 240 1166 tione,
253 1114 324 1152 mox
341 1107 406 1171 post
422 1113 548 1171 pugnam
559 1096 780 1166 Marathoniam,
796 1095 925 1152 Miltiade
937 1095 1028 1152 adhuc
1041 1096 1153 1152 vivente
1163 1106 1191 1151 et

140 1187 258 1258 libero,
272 1189 400 1244 tabulam
412 1189 486 1245 hanc
502 1207 561 1244 esse
570 1189 735 1244 confectam.
750 1190 848 1262 Itaque
861 1189 899 1244 ad
907 1188 1054 1262 praemium
1067 1188 1192 1243 Miltiadi

141 1279 290 1336 tributum
302 1299 361 1336 uon
380 1281 503 1354 pertinet
515 1280 560 1350 id,
573 1280 651 1354 quod
668 1280 778 1335 Plthius
793 1281 892 1350 refert,
907 1280 979 1336 Hist.
997 1281 1079 1349 Nat,
1099 1299 1191 1348 xxxv,

145 1371 184 1440 8,
202 1372 335 1446 proelium
351 1372 562 1430 Marathonium
577 1391 594 1428 a
609 1375 746 1442 Panaeno,
760 1372 845 1428 fratre
860 1372 982 1442 Phidiae,
1000 1391 1060 1428 esse
1073 1370 1191 1446 pictum,

143 1483 203 1520 nec
217 1464 296 1538 quod
315 1467 445 1522 AElianur
451 1508 461 1534 ,
482 1465 531 1540 qui
544 1467 703 1540 Polygnoto
715 1465 820 1522 celebri
833 1465 989 1522 admodum
1000 1465 1104 1538 pictori
1117 1463 1191 1536 ejus—

145 1557 216 1612 dem
233 1556 344 1632 generis
356 1576 428 1631 opus
443 1546 476 1612 iu
487 1557 597 1614 Poecile
616 1557 729 1627 tribuit;
742 1557 774 1612 hi
790 1556 867 1613 enim
879 1557 937 1612 duo
949 1557 1044 1612 miultis
1061 1567 1125 1630 post
1137 1574 1191 1629 pu-

146 1667 237 1722 gnam
253 1648 463 1704 Marathoniam
479 1649 561 1704 anuis
577 1649 714 1723 pingendi
731 1660 790 1706 arte
806 1650 1004 1706 inclaruerunt.
1017 1649 1192 1703 Renovatain

148 1741 247 1814 potius
262 1752 328 1815 post
344 1741 503 1798 combustas
521 1760 535 1795 a
551 1743 644 1798 Xerxe
664 1743 802 1813 Athenas,
821 1761 870 1798 seu
889 1742 973 1798 etiam
987 1740 1134 1815 repetitam
1148 1739 1192 1794 his

148 1832 310 1906 pictoribus
326 1851 429 1908 pugnae
447 1834 633 1890 Marathonia
654 1835 780 1890 tabulam
801 1836 895 1891 credo.
917 1832 1107 1890 confirmatur
1125 1832 1192 1888 inde

149 1925 196 1992 id,
210 1925 290 1998 quod
303 1925 401 1982 asserit
413 1926 522 1982 Plinius
534 1928 552 1982 l.
567 1945 608 1995 c.,
621 1945 735 1982 summae
751 1927 923 2000 antiquitatis
939 1945 998 1982 esse
1016 1924 1092 1999 apud
1102 1925 1193 1998 Athe-

149 2009 265 2074 irienses
279 2029 369 2075 artem
385 2018 538 2095 pingendi,
551 2029 580 2074 et
591 2029 701 2074 mature
719 2037 767 2074 eos
786 2019 823 2074 ad
838 2021 949 2074 culmen
963 2018 1141 2092 pervenisse,
1154 2017 1194 2072 ita

151 2121 184 2165 ut
194 2110 252 2182 jam
262 2111 430 2182 candaulis,
448 2111 466 2167 i.
481 2131 505 2167 e.
522 2111 638 2167 Romuli
657 2121 749 2181 aetate,
761 2113 873 2186 Olymp.
889 2128 940 2180 aa,
950 2109 1097 2165 manifesta
1110 2108 1196 2164 fuerit

153 2201 221 2258 artis
229 2203 340 2260 claritas
353 2214 435 2276 atque
445 2203 595 2259 absolutio.
609 2202 684 2260 Dicit
697 2203 803 2259 Plinius
811 2245 819 2273 ,
827 2205 992 2271 Panaenum,
1001 2200 1115 2256 fratrem
1124 2199 1195 2255 Phi-

154 2294 225 2364 diae,
242 2295 375 2369 proelium
390 2295 601 2352 Marathoniam
620 2294 744 2369 pinxisse
761 2314 768 2350 :
786 2320 799 2346 a
814 2295 896 2351 Adeo
911 2294 970 2367 jam
988 2293 1115 2349 colorum
1131 2310 1195 2346 usus

154 2387 368 2472 percrebuerat,
386 2388 515 2462 adeoque
531 2407 575 2444 ars
587 2389 709 2462 perfecta
728 2398 802 2458 erat,
815 2398 847 2442 ut
861 2387 892 2442 in
906 2405 940 2442 eo
956 2385 1057 2460 proelio
1071 2384 1196 2441 iconicos

156 2478 240 2534 duces
255 2479 381 2553 pinxisse
400 2479 542 2549 tradatur,
559 2481 773 2537 Atheniensium
790 2479 964 2549 Miltiadem,
981 2478 1195 2547 Callimachum,
1257 2551 1260 2564 1

156 2573 342 2648 Cynegimm,
356 2557 555 2630 Barbarorum'
561 2573 657 2628 Datim
665 2583 691 2630 et
708 2574 922 2646 Artaphernem·
935 2595 948 2622 »
962 2572 1117 2641 Quomodo
1133 2570 1197 2644 piu-

157 2683 223 2740 gere
241 2665 379 2739 potuisset
397 2665 514 2736 artifex,
532 2666 646 2722 Periclis
661 2677 740 2722 aetate
756 2664 875 2735 florens,
892 2683 993 2739 pugnae
1012 2664 1197 2720 Marathonia

158 2759 241 2816 duces
261 2757 402 2827 iconicos,
423 2757 479 2814 nisi
502 2777 565 2814 eum
581 2758 765 2833 praecessisset
777 2759 881 2832 pictor,
898 2775 999 2832 pugnae
1011 2756 1053 2813 illi
1068 2755 1197 2812 coaevus?

157 2853 237 2908 Hanc
251 2851 366 2925 picturae
379 2851 576 2926 antiquitatem
588 2869 641 2908 nec
658 2850 743 2907 video
762 2851 940 2906 observatam
954 2869 972 2906 a
989 2857 1197 2905 commentato-

157 2946 235 3001 ribus
253 2939 393 3014 Cornelii,
411 2963 463 3001 nec
483 2945 549 3000 satis
566 2943 736 3000 vindicatam
757 2944 794 3017 ab
810 2942 876 2999 artis
892 2942 973 3015 hujus
989 2941 1130 2998 historicis
1148 2959 1196 2996 re-
1220 2959 1223 2966 ’

160 3036 347 3104 cautioribus,
371 3036 420 3110 qui
438 3037 632 3111 praestantiora
655 3036 760 3110 quaevis
782 3035 819 3092 ad
834 3035 947 3092 Periclis
970 3045 1077 3092 aetatem
1093 3023 1198 3090 referre

160 3131 258 3186 solent.

198 3223 264 3276 VII.
288 3209 394 3278 ¹Chabr.
417 3239 448 3290 1,
471 3223 486 3289 ς
506 3239 550 3275 a:
576 3243 588 3271 a
613 3219 786 3292 Obnixoque
809 3203 1009 3293 genu-scuto,
1019 3217 1199 3291 projectaque
1231 3291 1236 3298 ἡ

164 3316 242 3372 hasta
257 3313 393 3387 impetum
408 3312 538 3385 excipere
553 3311 677 3368 hostium
693 3309 805 3380 docuit,
822 3315 837 3380 ς
855 3309 883 3366 3.
902 3311 965 3384 Hoc
984 3313 1071 3383 usque
1087 3328 1122 3364 eo
1141 3319 1200 3364 tota

164 3406 268 3463 Graecia
284 3405 359 3461 lama
375 3404 546 3461 celebratum
568 3414 625 3473 est,
645 3414 675 3458 ut
697 3403 748 3459 illo
765 3413 838 3458 statu
857 3401 994 3457 Chabrias
1009 3400 1065 3456 sibi
1081 3409 1200 3455 smmum

165 3497 224 3554 fieri
239 3497 373 3566 voluerit,
388 3516 448 3571 quae
463 3495 576 3571 publice
593 3496 620 3552 ei
633 3497 671 3551 ab
689 3494 907 3552 Atheniensibus
918 3495 949 3549 in
968 3495 1032 3550 foro
1050 3491 1201 3548 constituta

165 3601 211 3646 est.
227 3593 269 3645 Ex
290 3609 346 3662 quo
364 3590 467 3644 iactum
486 3599 539 3656 est,
554 3598 585 3642 ut
600 3599 698 3662 postea
713 3589 834 3657 athletae,
851 3586 993 3661 ceterique
1008 3583 1141 3655 artifices,
1156 3585 1201 3640 his

165 3682 279 3739 statibus
294 3682 325 3736 in
343 3681 440 3738 statuis
453 3680 596 3754 ponendis
609 3690 768 3750 uterentur,
784 3680 815 3734 in
832 3680 932 3753 quibus
950 3680 1096 3735 victoriam
1110 3687 1201 3734 essent

166 3773 296 3848 adepti.»
314 3773 457 3847 Exscripsi
476 3774 571 3828 locmn
589 3782 692 3841 totum,
711 3790 768 3846 quo
786 3772 893 3829 facilius
911 3772 1122 3846 dignoscantur,
1140 3787 1201 3842 quae

169 3867 199 3922 G.
213 3867 248 3922 E.
262 3866 382 3940 Iessahg
391 3863 616 3939 ingeniosissime
629 3874 833 3920 commentatus
842 3875 883 3920 est
899 3864 951 3919 sub
967 3860 1052 3920 finem
1066 3860 1133 3916 libri
1146 3859 1201 3927 sui,

169 3957 212 4031 qui
234 3960 367 4018 Laocoon
389 3956 558 4012 inscribitur.
581 3953 729 4028 Quidquid
752 3955 787 4011 de
812 3955 896 4011 bonis
918 3954 1018 4010 litteris
1040 3963 1067 4008 et
1094 3952 1202 4008 artibus

169 4049 274 4123 scripsit
292 4048 533 4123 praestantissimus
550 4047 610 4116 vir,
624 4065 688 4102 cum
709 4065 765 4120 quo
789 4047 819 4101 in
839 4047 931 4124 prima
948 4043 1135 4101 adolescentia
1154 4041 1201 4096 in-

168 4141 231 4198 tima
255 4141 444 4197 familiaritate
466 4140 630 4213 conjunctus
653 4138 726 4208 vixi,
743 4141 807 4213 lego
832 4157 896 4195 cum
910 4137 1032 4194 maxima
1047 4137 1200 4210 voluptate.
