3198 5174
354 474 392 532 36
699 476 875 534 CORNELII
894 477 1047 535 NEPOTIS

352 597 560 691 Thrasybulo
574 611 606 665 et
622 597 832 668 Theramene.
849 605 976 670 Horum
994 602 1027 668 in
1044 601 1182 694 imperio
1196 616 1284 670 tanta
1295 625 1385 670 com-

354 717 494 785 mutatio
511 740 622 784 rerum
634 716 717 785 facta
733 732 797 806 est,
810 733 848 786 ut
858 718 1111 806 Lacedaemonii,
1122 721 1180 812 qui
1197 718 1298 813 paulo
1311 735 1386 788 ante
1412 729 1414 732 ’

354 836 494 903 victores
510 835 697 929 viguerant,
715 836 878 930 perterriti
896 861 1010 929 pacem
1023 851 1179 930 peterent.
1194 839 1282 906 Victi
1297 838 1386 906 enim

353 968 448 1022 erant
464 955 610 1048 quinque
629 952 752 1048 proeliis
770 955 992 1042 terrestribus,
1010 955 1114 1023 tribus
1132 955 1304 1024 navalibus
1322 983 1330 1024 :
1351 957 1385 1024 in

353 1073 473 1164 quibus
498 1072 656 1141 ducentas
678 1096 776 1141 naves
799 1073 947 1142 triremes
973 1074 1162 1161 amiserant,
1188 1098 1260 1166 quae
1283 1088 1385 1166 captae

354 1195 388 1261 in
409 1193 555 1262 hostium
580 1206 735 1273 venerant
754 1205 956 1285 potestatem.
981 1189 1166 1260 Alcibiades
1190 1191 1288 1260 simul
1310 1217 1385 1260 cum

353 1310 487 1407 collegis
505 1324 670 1402 receperat
681 1311 826 1394 Ioniam,
839 1307 1103 1403 Hellespontum,
1120 1308 1238 1378 multas
1254 1326 1386 1404 prater-

353 1455 392 1498 ea
416 1429 513 1496 urbes
538 1431 684 1511 Graecas,
709 1452 781 1521 quae
805 1430 839 1496 in
862 1453 921 1496 ora
939 1429 1008 1496 sitae
1027 1443 1104 1496 sunt
1121 1429 1223 1515 Asiae,
1245 1455 1385 1521 quarum

354 1560 583 1641 expugnarant
595 1545 795 1642 complures,
813 1548 847 1614 in
863 1547 914 1615 his
927 1548 1128 1638 Byzantium.
1147 1549 1263 1640 Neque
1278 1550 1386 1618 minus

354 1665 473 1762 multas
491 1665 629 1734 consilio
646 1664 688 1733 ad
706 1666 883 1734 amicitiam
901 1665 1131 1757 adjunxerant,
1150 1665 1240 1757 quod
1256 1668 1291 1734 in
1308 1691 1385 1760 cap·

355 1800 405 1854 tos
428 1785 600 1852 clementia
623 1784 752 1853 fuerant
774 1785 834 1852 usi.
855 1783 936 1852 Inde
959 1782 1219 1875 pradaonusti,
1240 1783 1385 1878 locuple·

355 1917 423 1971 tato
444 1904 605 1990 exercitu,
626 1903 774 1970 maximis
793 1903 891 1969 rebus
911 1901 1024 1994 g'estis,
1049 1902 1194 1970 Athenas
1214 1917 1384 1973 venerunt.

404 2023 461 2090 VI.
487 2021 546 2088 His
572 2045 675 2113 quum
699 2021 829 2088 obviam
855 2022 1006 2088 universa
1029 2021 1143 2088 civitas
1167 2022 1201 2088 in
1225 2023 1384 2090 Piraeeum

357 2138 589 2224 descendisset,
608 2151 698 2206 tanta
718 2139 782 2206 luit
799 2139 948 2206 omnium
966 2140 1161 2235 suspectatio
1179 2141 1305 2208 visendi
1325 2140 1384 2210 Al·

276 2344 280 2352 Ι
355 2260 504 2347 eibiadis,
523 2274 560 2327 ut
578 2259 619 2327 ad
636 2259 705 2351 ejus
723 2261 889 2327 triremem
907 2257 1022 2351 vulgus
1039 2259 1233 2346 conflueret,
1248 2261 1386 2355 perinde

356 2405 393 2448 ac
410 2383 436 2449 si
453 2379 542 2449 solus
561 2378 753 2448 advenisset.
772 2379 826 2447 Sic
843 2379 932 2447 enim
950 2376 1074 2473 populo
1091 2392 1160 2446 erat
1176 2405 1385 2472 persuasum,

356 2514 388 2567 et
411 2498 561 2567 adversas
581 2499 779 2590 superiores,
801 2511 836 2565 et
855 2512 1028 2590 praesentes
1052 2487 1218 2566 secundas·
1232 2524 1284 2567 res
1301 2499 1387 2568 acci·

356 2619 442 2685 disse
459 2618 528 2708 ejus
547 2639 657 2710 opera.
675 2620 791 2708 Itaque
809 2629 842 2682 ct
860 2614 975 2685 Siciliae
994 2617 1165 2701 amissum,
1182 2631 1215 2685 et
1232 2618 1385 2686 Lacedae·

356 2734 542 2803 moniorum
571 2735 723 2802 victorias
747 2733 851 2828 culpae
871 2759 937 2803 suae
957 2735 1160 2821 tribuebant,
1180 2735 1270 2828 quod
1288 2735 1387 2806 talem

356 2855 463 2920 virum
482 2877 499 2919 e
519 2854 650 2920 civitate
674 2851 882 2946 expulissent.
901 2855 1016 2946 Neque
1035 2853 1068 2920 id
1092 2855 1161 2923 sine
1178 2879 1276 2923 causa
1296 2856 1386 2924 arbi·

273 3037 276 3045 ,
356 2973 435 3038 trari
449 2971 643 3038 videbantur
659 2998 667 3038 :
682 2995 758 3038 nam
771 2985 946 3065 postquam
962 2973 1118 3041 exercitui
1131 2985 1387 3070 praeesse‘coepc·

355 3104 422 3174 rat,
439 3113 545 3182 neque
562 3098 648 3158 terra
662 3114 768 3183 neque
783 3091 865 3157 mari
877 3092 987 3159 hostes
1005 3116 1100 3184 pares
1115 3117 1184 3160 esse
1199 3103 1384 3186 potuerant.

242 3253 245 3260 Δ
355 3211 417 3280 Hic
431 3222 468 3277 ut
485 3211 561 3277 navi
575 3230 720 3302 egressus
732 3224 796 3297 est,
810 3233 997 3302 quanquam
1009 3211 1227 3280 Theramenes
1241 3212 1387 3284 etThra-

355 3327 489 3424 sybulus
508 3327 629 3397 eisdem
649 3329 747 3397 rebus
766 3328 978 3422 praefuerant,
999 3327 1161 3423 simulque
1177 3345 1334 3402 venerant
1350 3333 1386 3401 in

354 3449 530 3532 Piraeum,
543 3463 652 3517 tamen
669 3447 762 3516 illum
777 3471 880 3515 unum
894 3472 1007 3516 omnes
1023 3451 1320 3542 prosequebantur;
1337 3467 1386 3536 et,

355 3565 389 3633 id
406 3565 495 3658 quod
515 3589 684 3659 nunquam
702 3580 798 3634 antea
815 3591 875 3633 usu
893 3583 1042 3655 venerat,
1060 3569 1121 3636 nisi
1140 3569 1301 3665 Olympiae
1317 3575 1386 3640 vic·

355 3685 499 3768 toribus,
522 3687 651 3754 coronis
674 3688 781 3754 aureis
803 3686 964 3777 aeneisque
987 3685 1087 3780 vulgo
1108 3687 1302 3786 donabatur.
1325 3689 1386 3759 Ille

355 3804 539 3898 lacrymans
557 3802 655 3873 talem
671 3804 932 3872 benevolentiam
949 3807 1070 3874 civium
1095 3831 1230 3888 suornm
1250 3811 1387 3903 accipie-
1408 3807 1410 3814 ’

355 3924 422 4010 bat,
435 3924 644 3993 reminiscens
658 3924 788 4017 pristini
803 3929 960 4019 temporis
974 3927 1192 3995 acerbitatem.
1208 3931 1386 4022 Postquam

356 4048 437 4112 Astu
454 4047 557 4134 venit,
578 4045 736 4114 concione
756 4043 926 4133 advocata,
946 4048 992 4116 sic
1011 4048 1108 4115 verba
1127 4047 1216 4134 fecit,
1234 4062 1271 4116 ut
1289 4073 1386 4118 nemo
