3114 5032
228 466 245 495 ’
538 472 853 532 OBSERVATIONES.
914 510 915 514 =
1164 469 1216 524 183

221 599 333 656 Diserte
356 601 512 673 allegantur
533 619 550 656 a
569 600 726 667 veteribus,
751 601 825 654 Aulo
842 597 998 672 praesertim
1022 598 1127 664 Gellio,
1151 598 1218 654 libri

184 692 379 747 Clrmnicorum
390 711 441 766 per
457 692 613 748 Cornelium
626 693 769 764 Nepotem.
786 692 838 747 Ille
851 690 940 759 enim,
959 690 1089 746 Noctibus
1102 691 1217 757 Atticis,

183 802 265 851 xvrr,
283 803 306 838 o.
327 802 379 852 21,
396 795 439 839 ter
458 784 554 840 laudat
576 783 749 850 Comelium5
766 783 824 838 imo
842 793 903 838 toto
921 783 976 838 boo
994 779 1084 856 capit‘e
1101 781 1220 838 adeum

182 876 360 950 potissimum
379 876 536 950 respexisse
553 877 674 934 videtur.
691 875 782 946 Dicit,
802 893 832 930 se
854 875 1010 948 excerpisse
1029 892 1044 930 e
1062 873 1155 943 libris,
1171 874 1221 946 qui

184 967 314 1023 Clmnsci
329 971 523 1042 appellantur,
538 969 641 1042 quibus
656 967 833 1042 temporibus
848 965 996 1022 floruerint
1010 965 1094 1021 simul
1106 965 1162 1020 viri
1178 964 1222 1020 in—

182 1061 274 1134 signes
287 1061 378 1118 Graeoi
395 1071 479 1134 atque
495 1061 626 1118 Romani.
642 1064 685 1116 De
706 1061 823 1116 Homeri
838 1069 917 1118 aetate
934 1061 1054 1134 loquens
1068 1058 1112 1118 his
1129 1057 1222 1114 verbis

180 1152 295 1218 utitui:
316 1153 379 1208 «Ut
398 1153 537 1210 Comelius
557 1155 653 1228 Nepos
669 1153 699 1209 in
718 1154 812 1227 primo
832 1152 1027 1208 Chronicorum
1045 1151 1125 1205 dixit.
1141 1173 1153 1200 υ
1168 1149 1221 1204 So-

183 1245 257 1298 linus
277 1243 362 1300 etiam
382 1244 612 1318 inPolyhistore
630 1246 669 1302 ad
687 1247 765 1300 locos
781 1238 919 1320 provocat
934 1263 950 1300 e
968 1246 1078 1318 Nepote
1094 1242 1221 1298 chrono-

183 1334 307 1408 logicos,
325 1336 373 1409 qui
394 1335 454 1392 sine
474 1337 563 1393 dubio
586 1337 622 1392 ad
642 1337 773 1393 eumdem
795 1338 900 1393 librum
922 1337 1074 1411 pertinent.
1098 1335 1161 1390 Hoc
1182 1344 1222 1390 est

183 1425 256 1482 illud
271 1427 363 1500 ipsum
381 1447 467 1502 opus,
483 1429 562 1502 quod
581 1429 707 1484 Catullus
722 1429 817 1484 innuit
834 1430 864 1484 in
882 1429 1089 1504 Epigrammate
1105 1427 1222 1482 dedica-

184 1518 260 1574 torio
276 1520 314 1575 ad
326 1521 490 1577 Cornelium
503 1523 642 1594 Nepotem
656 1542 662 1575 :

397 1711 475 1778 Quum
487 1724 556 1760 susus
567 1724 604 1770 es,
618 1725 681 1758 unus
693 1709 820 1768 Italorum,

345 1793 424 1839 Omne
438 1795 511 1840 sevum
525 1791 601 1841 tribus
612 1791 731 1858 explicare
743 1792 843 1852 chartis,

330 1873 437 1930 'Doctiu
454 1873 558 1940 Jupiter!
573 1883 597 1924 et
608 1873 738 1951 laboriosis.

185 2047 285 2124 Liquet
301 2067 335 2104 ex
347 2047 392 2103 his
409 2049 515 2118 verbis,
528 2059 584 2105 tres
598 2049 758 2106 elaboratos
771 2049 829 2107 esse
846 2069 862 2106 a
874 2050 1006 2106 Cornelio
1022 2050 1111 2104 libros
1128 2051 1221 2105 Chro-

185 2139 331 2210 nicorum,
353 2141 402 2214 qui
429 2133 585 2198 secundum
611 2142 740 2198 usitatam
765 2142 846 2197 istam
867 2140 1035 2197 divisionem
1054 2141 1091 2196 ad
1113 2151 1221 2214 tempus
1261 2216 1263 2220 Υ

135 2219 137 2224 ’
185 2229 306 2304 dulor,
324 2229 438 2300 uulsslv
455 2244 483 2289 et
499 2229 611 2306 isopusbv
624 2234 779 2309 respexisse
794 2235 935 2290 videntur.
1198 2307 1204 2317 Ι

225 2315 429 2400 Exemplorum
444 2327 570 2383 Cornelii
585 2329 701 2401 Nepotis
716 2327 820 2382 librum
834 2326 962 2400 quintum
979 2343 1111 2399 expresse
1126 2344 1222 2379 nomi-

186 2428 236 2472 nat
259 2420 378 2487 Gellius,
399 2421 418 2474 l.
434 2439 499 2488 vrr,
519 2439 543 2475 e.
563 2421 611 2488 18,
628 2421 696 2474 dum
714 2419 800 2474 fidem
816 2421 1010 2475 Romanorum
1031 2398 1172 2474 colliudat
1193 2404 1223 2470 in

186 2511 326 2568 servando
350 2511 544 2584 jurejurando.
572 2511 699 2568 Citantur
721 2512 809 2567 iidem
831 2511 897 2567 libri
921 2530 938 2567 a
959 2512 1056 2568 Flavio
1082 2512 1224 2583 Sosipauo

184 2602 331 2670 Charssio,
347 2603 434 2658 seculi
451 2603 542 2677 quinti
556 2604 681 2658 exeuntis
697 2605 889 2678 grammatico.

222 2697 369 2770 Allegatur
385 2695 471 2751 etiam
487 2714 503 2749 a
525 2697 628 2762 Gellio,
643 2698 662 2751 l.
677 2715 723 2764 xr,
740 2716 765 2753 c.·
782 2696 811 2765 8,
830 2697 954 2752 Cornelii
967 2695 1084 2769 Nepotis
1099 2694 1173 2750 liber
1188 2694 1223 2756 de

128 2777 130 2782 ¹
188 2789 261 2844 Viris
287 2788 447 2850 illustribus.
469 2790 605 2844 Narratur
630 2787 671 2844 ibi
691 2807 727 2844 ex
754 2808 789 2845 eo
812 2790 855 2843 Μ.
879 2781 994 2843 Catonis
1018 2786 1164 2842 dicterium
1193 2785 1223 2839 in

184 2882 219 2936 A.
236 2880 382 2936 Albinum.
401 2883 494 2950 Quum
511 2879 583 2935 illud
599 2898 659 2935 non
675 2891 803 2936 occurrat
818 2879 850 2934 in
865 2880 923 2938 rita
938 2879 1054 2934 Catonis
1070 2877 1223 2932 admodum
1301 2937 1304 2940 ,

185 2972 284 3040 brevi,
295 2991 355 3046 quse
368 2972 452 3027 nobis
464 2972 560 3027 relicta
578 2983 632 3040 cst,
649 2983 676 3027 et
693 2991 753 3046 quse
766 2973 900 3046 particula
912 2971 965 3026 tuit
977 2971 1044 3026 libri
1056 2970 1127 3042 ejus,
1141 2987 1224 3044 quern

186 3063 222 3119 de
236 3062 377 3118 historicis
395 3065 488 3119 latinis
511 3065 692 3137 conseripsit,
710 3064 840 3130 haustum
861 3065 973 3119 videtur
994 3083 1009 3119 e
1034 3063 1121 3132 libro,
1139 3080 1223 3136 quem

188 3155 329 3211 Cornelius
352 3156 501 3228 separatim
523 3175 552 3212 se
572 3157 668 3212 fecisse
687 3157 726 3211 ait
749 3157 785 3211 de
809 3158 929 3225 Catone,
951 3166 1054 3230 rogatu
1071 3152 1222 3228 Pomponii

185 3247 283 3314 Attiei;
296 3257 324 3302 et
338 3247 385 3316 bic
401 3247 474 3302 liber
488 3251 707 3323 comprehensus
722 3259 820 3323 postea
836 3259 890 3318 est,
905 3250 1020 3320 adjectis
1036 3248 1164 3328 pluribus¹
1178 3248 1222 3301 vi-

186 3342 233 3408 tis,
249 3359 284 3395 eo
299 3359 402 3414 opere,
417 3341 495 3415 quod
513 3341 549 3396 de
566 3343 635 3397 viris
652 3333 806 3398 illustribus
824 3329 979 3416 inscripsit3
995 3341 1049 3395 nisi
1069 3340 1141 3395 forte
1159 3359 1218 3394 cre·

186 3431 253 3486 dere
273 3433 335 3504 quis
361 3433 442 3500 velit,
464 3433 542 3506 quod
560 3425 608 3488 'vix
634 3433 704 3488 mihi
728 3433 923 3508 persuadeam,
952 3433 1107 3498 Cornelium
1134 3430 1222 3486 tribus

186 3523 304 3578 diversis
325 3525 421 3594 libris,
449 3525 618 3598 diversoque
645 3527 789 3594 instituto,
814 3525 850 3581 de
874 3525 998 3596 ejusdem
1027 3523 1143 3578 Catonis
1165 3523 1223 3580 vita

186 3615 336 3688 scripsisse.
356 3617 430 3672 Mihi
450 3618 534 3672 etiam
550 3628 591 3672 est
605 3616 771 3690 probabile,
789 3620 881 3672 vitam
896 3615 1049 3689 Pomponii
1065 3616 1153 3670 Atu'ci
1164 3633 1221 3668 non
1243 3653 1246 3658 -

186 3725 244 3762 esse
259 3708 313 3762 nisi
329 3720 438 3783 partem
456 3709 582 3781 ejusdem
600 3708 693 3783 operis
709 3710 745 3764 de
762 3709 829 3764 viris
845 3707 998 3763 illustribus
1017 3726 1034 3763 a
1048 3707 1223 3779 Gellio'per-

184 3799 251 3854 lecti
267 3810 295 3855 et
310 3802 431 3874 allegati.
448 3802 610 3875 Pomponio
628 3801 704 3856 enim
717 3803 780 3873 jure
795 3801 951 3858 debebatur
965 3801 1043 3855 locus
1060 3799 1134 3862 inter
1148 3797 1224 3852 viros

186 3892 319 3961 illustres,
340 3913 399 3950 non
421 3913 490 3950 vero
513 3896 587 3950 inter
606 3895 774 3950 excellentes
795 3895 989 3968 imperatores,
1013 3892 1049 3947 de
1071 3890 1171 3964 quibus
1194 3891 1224 3944 in

186 3983 242 4039 alio
261 4003 347 4058 opere
368 3986 425 4059 egit
447 3987 599 4042 Cornelius.
616 3987 702 4056 Quod
717 4006 785 4042 vero
803 3987 861 4041 haec
878 4006 932 4040 una
952 3984 1087 4058 particula
1105 3982 1223 4055 amplis—

186 4074 248 4130 simi
269 4078 421 4132 voluminis
445 4079 580 4152 temporis
599 4078 775 4152 iniquitatem
797 4080 856 4132 sola
877 4075 1019 4150 effugerit,
1044 4075 1223 4156 tribuendum
1253 4078 1259 4085 '
