3168 5048
647 496 813 551 ATTICUS.
1192 498 1246 565 145

212 641 264 696 ter
282 624 415 718 quidem
437 626 466 692 ei
486 625 633 710 Quintus
654 623 761 691 carior
780 621 880 690 fuerit
902 636 961 690 aut
983 621 1183 693 familiarior.
1208 627 1248 694 Ei

212 748 260 815 rei
275 742 352 814 sunt
369 742 507 830 indicio,
523 756 642 837 praeter
660 766 716 809 eos
727 739 851 829 libros,
863 742 904 824 ¹in
922 741 1042 834 quibus
1059 732 1099 810 de
1115 767 1155 811 eo
1169 742 1248 812 facit
1286 761 1291 784 ·

211 866 427 951 mentionem,
452 863 509 955 qui
526 863 561 929 in
579 858 698 954 vulgus
717 860 787 951 jam
804 873 883 927 sunt
900 859 997 947 editi,
1014 859 1176 930 sexdecim
1192 887 1247 931 vo-

147 1043 156 1058 .
197 961 336 1054 'lumina
351 981 583 1077 epistolarum,
603 981 644 1048 ab
669 978 842 1064 consulatu
861 981 931 1071 ejus
952 981 1118 1074 usquead
1142 996 1247 1052 extre-

210 1130 301 1174 mum
317 1119 447 1197 tempus
464 1102 506 1170 ad
521 1103 667 1171 Atticum
686 1101 877 1187 missarum3
896 1123 968 1192 quae
983 1102 1041 1194 qui
1058 1098 1163 1193 legat,
1177 1127 1245 1172 nou

143 1237 145 1241 '
208 1222 535 1295 multumvdesideret
558 1221 729 1289 historiam
753 1233 938 1286 contextam
959 1217 1091 1288 illorum
1115 1234 1244 1316 tempo·

208 1371 294 1415 rum.
314 1347 369 1413 sic
389 1343 478 1411 enim
503 1341 614 1410 omnia
642 1339 682 1407 de
705 1337 820 1406 studiis
840 1340 1045 1433 principum,
1068 1341 1157 1410 vitiis
1188 1341 1244 1411 du·

208 1490 300 1552 cum,
318 1461 556 1532 mutationibus
579 1456 766 1553 reipublicae
783 1454 966 1552 perscripta
984 1473 1080 1548 sunt,
1099 1473 1138 1528 ut
1161 1459 1242 1530 nihil

208 1587 297 1654 iniis
318 1609 390 1662 non¹
408 1592 578 1675 appareat,
596 1591 629 1645 et
648 1576 741 1646 Iaeile
764 1577 941 1645 existimari
959 1577 1078 1670 possit,
1098 1579 1243 1674 pruden-

206 1706 287 1773 tiam
303 1698 545 1796 quodammodo
563 1719 632 1765 esse
656 1695 900 1764 divinationem.
921 1697 998 1766 Non
1017 1698 1104 1765 enim
1126 1700 1241 1768 Cieero

206 1849 245 1893 ea
262 1821 384 1909 solum,
402 1845 475 1913 quae
494 1819 570 1887 vivo
589 1842 623 1885 se
642 1815 852 1903 acciderunt,
870 1815 984 1884 futura
1001 1817 1169 1911 praedixit3
1185 1820 1240 1889 sed

206 1945 319 2030 etiam,
338 1965 410 2034 quae
428 1962 518 2007 nune
533 1961 595 2005 usu
613 1937 766 2022 veniunt,
782 1936 900 2002 cecinit
915 1949 953 2002 ut
969 1950 1069 2004 vates.
1158 1963 1161 1970 ·

253 2064 360 2133 XVII.
380 2063 432 2129 De
451 2059 572 2152 pietate
588 2068 698 2125 autem
714 2055 815 2124 Attici
835 2052 915 2146 quid
930 2051 1027 2147 plura
1043 2027 1238 2136 commemo-

205 2181 298 2252 rem?
315 2205 419 2273 quum
437 2179 501 2246 hoc
518 2178 626 2270 ipsum
644 2197 721 2243 vere
741 2171 935 2266 gloriantem
955 2151 1115 2243 audierim
1137 2179 1172 2244 in
1189 2179 1238 2248 fu·
1279 2157 1284 2174 „

205 2327 283 2371 uere
290 2302 404 2369 matris
418 2322 499 2385 suae,
512 2320 611 2389 quam
624 2291 741 2362 extulit
752 2317 917 2361 annorum
929 2297 1125 2388 nonaginta,
1135 2321 1239 2389 quum

204 2437 288 2490 esset
304 2434 427 2514 septem
444 2431 476 2485 et
493 2415 675 2507 sexaginta,
688 2437 722 2481 se
731 2437 902 2504 nunquam
914 2437 990 2480 eum
1007 2428 1113 2482 matre
1124 2417 1158 2483 in
1169 2442 1237 2510 gra.

203 2545 284 2610 tiam
302 2539 453 2624 rediisse,
471 2510 642 2628 nunquam
664 2555 740 2600 cum
756 2531 985 2600 sororeluisse
1003 2533 1036 2600 in
1054 2533 1236 2626 simultate,

202 2686 300 2754 quam
310 2682 414 2753 prope
425 2652 583 2749 aequalem
591 2651 742 2720 hahebat.
758 2650 860 2737 Quod
870 2653 920 2718 est
931 2651 1078 2744 signum,
1093 2668 1151 2721 aut
1162 2655 1234 2725 nul-

200 2780 266 2848 lam
274 2801 421 2872 unquam
430 2777 580 2843 intereos
590 2771 829 2864 querimoniam
839 2769 1135 2860 intercessisse,aut
1144 2774 1233 2844 hune

200 2924 239 2968 ea
260 2897 359 2966 fuisse
381 2896 415 2963 in
445 2917 522 2962 snos
544 2888 763 2984 indulgentia,
785 2903 834 2975 ut,
852 2913 935 2981 quos
955 2911 1064 2970 amare
1087 2891 1234 2982 deberet,
1266 2889 1271 2896 ⁴

133 3062 137 3072 ·
200 3018 295 3087 irasci
304 3013 447 3084 eisnefas
463 3011 607 3079 duceret.
616 3009 731 3101 Neque
740 3007 774 3076 id
785 3006 862 3076 feeit
870 3022 989 3076 natura
1001 3008 1235 3105 solum,quan.

199 3161 298 3230 quam
310 3157 423 3202 omnes
432 3133 462 3198 ei
471 3152 638 3224 paremus,
652 3126 708 3194 sed
720 3127 818 3194 etiam
828 3125 988 3195 doctrina.
1001 3130 1088 3200 Nam
1100 3145 1133 3198 et
1141 3135 1232 3226 prin.

199 3257 310 3349 cipum
337 3248 611 3346 philosophorum
633 3246 679 3312 ita
694 3259 848 3338 percepta
864 3245 981 3316 habuit
998 3264 1176 3342 praeoepta,
1195 3267 1233 3320 ut

198 3377 237 3443 iis
254 3371 414 3462 advitam
432 3364 610 3460 agendam,
629 3388 697 3432 non
716 3363 757 3431 ad
776 3365 1047 3454 ostentationem,
1073 3380 1229 3443 uteretur.

245 3493 371 3561 XVIII.
391 3486 496 3557 Moris
512 3484 609 3551 etiam
633 3482 795 3575 majorum
818 3507 965 3550 summus
988 3485 1133 3566 imitator
1150 3488 1228 3579 fuit,
1263 3461 1264 3470 ἵ
1290 3568 1292 3576 J

197 3608 465 3702 antiquitatisque
476 3616 603 3671 amator
622 3625 742 3694 :quam
759 3601 841 3669 adeo
856 3599 1029 3695 diligenter
1044 3604 1160 3675 hahuit
1174 3634 1229 3678 co·

196 3731 337 3824 gnitam,
355 3739 393 3792 ut
409 3747 481 3792 eam
507 3705 610 3790 totani
631 3721 666 3786 in
694 3743 733 3787 eo
750 3718 917 3788 volumine
938 3726 1141 3816 exposuerit,
1160 3753 1227 3820 quo

196 3848 405 3943 magistratus
432 3839 606 3910 ordinavit.
630 3836 731 3908 Nulla
748 3839 835 3906 enim
856 3837 922 3928 lex,
945 3864 1050 3933 neque
1072 3867 1153 3938 pax,
1173 3871 1230 3915 ne»

161 4023 164 4032 .
196 3992 259 4061 que
276 3963 414 4050 bellum,
432 3983 538 4052 neque
558 3983 609 4027 res
628 3957 764 4027 illustris
782 3971 831 4026 est
855 3957 973 4052 populi
993 3963 1135 4049 romani,
1153 3988 1225 4056 quae

196 4111 263 4155 non
281 4087 314 4152 in
333 4107 388 4168 eo,
405 4105 466 4149 suo
490 4093 653 4172 tempore,
677 4079 719 4145 sit
741 4092 871 4164 notata3
892 4093 941 4164 et,
962 4076 1051 4169 quod
1069 4078 1219 4151 difficilli-

1038 4221 1079 4265 10
