3114 5032
466 515 469 522 ¹
514 448 828 505 OBSERVATIONES.
1133 447 1189 504 205

154 572 295 642 similiter,
309 591 341 628 ac
357 581 484 627 nostrum
500 571 687 641 Gesehmaek,
703 572 791 646 Smag
798 613 807 640 ,
822 572 897 629 cadit
911 590 990 646 aeque
1003 575 1033 628 in
1049 574 1191 648 cogitandi
1280 597 1283 612 ·

155 683 187 720 ac
201 664 231 719 in
244 663 384 720 sentiendi
397 663 547 719 rationem.
561 663 626 719 Pari
638 663 727 718 modo
741 663 952 736 interpretanda
962 676 1027 718 sunt
1035 667 1121 722 verba
1131 685 1192 740 quae

155 756 318 828 praecedunt
331 775 338 808 :
352 754 483 809 Hominis
495 767 551 810 non
563 755 721 810 becthsimi
727 755 916 827 suspicionem
929 756 1074 828 praeberet.
1083 759 1193 814 Revera

155 847 250 928 henan
267 846 324 903 dici
342 858 464 902 meretur
482 847 517 916 is,
537 847 587 921 qui
600 866 710 902 summo
724 847 811 914 animi
825 848 920 916 bono,
937 846 1107 923 frugalitate,
1119 849 1192 906 frui-

156 949 209 992 tur.
220 939 276 993 Sed
285 938 430 1012 usurpavit
441 938 526 993 etiam
540 938 685 1011 Jurenalis
701 958 816 1008 vocem,
835 958 871 994 ex
888 957 968 995 more
987 942 1192 1012 Romanorum,

154 1049 208 1104 pro
226 1029 329 1099 divite,
347 1048 397 1084 seu
416 1029 501 1085 honis
521 1029 643 1085 externis
662 1027 804 1086 affluente.
836 1085 838 1090 ,

135 1137 137 1144 ’
185 1115 228 1176 X.
256 1120 368 1176 Catonis
387 1140 448 1194 cap.
469 1141 526 1190 111,
547 1121 746 1176 describuntur
768 1121 826 1194 ejus
851 1122 992 1196 Origenes,
1012 1140 1060 1178 seu
1072 1122 1194 1180 historiae

152 1231 279 1268 romanae
297 1213 365 1268 libri
384 1223 499 1287 septem.
513 1213 631 1267 Lihrom
644 1214 719 1268 hunc
737 1213 846 1286 magnis
869 1210 978 1268 extollit
996 1215 1132 1270 laudibus
1142 1215 1191 1270 Ci-

152 1323 234 1373 cero,
252 1304 302 1359 sed
320 1304 404 1374 docet
420 1303 517 1371 simul,
533 1303 592 1376 jam
610 1323 662 1360 suo
682 1315 809 1381 tempore
825 1303 938 1359 fastidio
956 1305 1039 1360 fuisse
1049 1306 1192 1362 Romanis.

151 1394 346 1452 Confirmatur
363 1395 446 1464 inde,
466 1395 544 1468 quod
562 1397 615 1450 suh
631 1395 743 1450 initium
761 1395 845 1468 hujus
864 1394 1067 1452 dissertationis
1083 1399 1195 1468 monui,

150 1486 289 1544 accidisse
306 1487 441 1542 Romanis
458 1487 551 1557 idem,
565 1487 644 1560 quod
657 1487 734 1560 apud
747 1506 799 1543 nos
812 1485 875 1542 fieri
886 1488 1027 1559 videmus,
1040 1501 1071 1544 ut
1083 1509 1137 1563 pro
1150 1491 1195 1545 vi-

148 1578 320 1635 cissitudine
337 1589 498 1651 temporum
519 1590 546 1634 et
566 1578 682 1652 linguae,
700 1578 771 1633 boni
789 1598 908 1652 quoque.
921 1580 989 1635 libri
1005 1581 1195 1654 negligantur,
1212 1645 1215 1651 ,

147 1669 348 1738 fastidiantur,
361 1670 464 1743 aliique
482 1671 513 1724 in
528 1689 627 1726 eorum
644 1671 737 1726 locum
752 1671 788 1726 ad
801 1681 910 1746 tempu's
923 1672 1086 1743 succedant,
1101 1673 1195 1729 mino-

147 1763 195 1819 ris
213 1761 287 1816 forte
306 1760 399 1834 pretii.
418 1762 495 1817 Utile
514 1773 555 1818 est
570 1761 698 1818 conferre
718 1781 782 1817 cum
800 1763 1131 1839 Cornelii‘descriptione
1150 1767 1196 1823 Ci-

152 1853 269 1922 ceronis
290 1853 443 1926 judicium,
455 1855 532 1908 Brut.
552 1872 575 1908 e.
600 1872 632 1922 17
655 1873 661 1907 :
683 1856 781 1909 «Jam'
794 1872 863 1909 vero
888 1845 1015 1930 Orrgines
1034 1857 1092 1928 ejus
1112 1877 1196 1932 quem

154 1945 275 2015 florem,
294 1956 343 2000 aut
359 1946 549 2025 quodslumen
566 1945 733 2018 eloquentiae
751 1964 811 2000 non
827 1946 951 2002 habent?
969 1951 1115 2006 Amatores
1131 1948 1196 2006 hiric

155 2039 275 2106 desunt,
291 2037 361 2092 sicut
373 2037 468 2092 multis
480 2037 540 2110 jam
557 2043 622 2092 ant'e
639 2037 737 2093 seculis
751 2048 779 2092 et
792 2038 908 2093 Philisto
928 2040 1089 2114 Syracusio,
1103 2053 1130 2098 et
1137 2023 1198 2116 ¹ipsi

155 2129 326 2202 Thucydidi.
349 2131 423 2184 Nam
448 2140 479 2184 ut
499 2131 601 2184 horum
621 2128 740 2184 concisis
763 2130 925 2199 sententiis,
949 2131 1092 2186 interdum
1113 2134 1197 2189 etiam

156 2242 218 2279 non
246 2221 311 2276 satis
332 2220 452 2302 apertis,
475 2240 561 2295 quum
579 2221 741 2290 brevitate,
759 2231 818 2276 tum
837 2221 926 2276 uirnio
947 2223 1086 2294 acumine,
1110 2224 1198 2295 officit

156 2315 362 2386 Theopompus
378 2313 500 2374 elatione
512 2322 597 2384 atque
614 2312 760 2370 altitudine
779 2312 913 2369 orationis
929 2331 1021 2370 sum...
1039 2316 1096 2372 Cur
1112 2315 1198 2390 igitur

155 2405 255 2480 Lysias
273 2415 300 2459 et
319 2400 616 2478 Hyperidesamatur,
635 2423 720 2477 quum
736 2403 847 2478 penitus
863 2405 1009 2478 ignoretur
1030 2406 1121 2462 Cato?
1138 2410 1198 2462 An-

79 2544 96 2554 ..
157 2496 267 2568 riquier
288 2505 330 2550 est
349 2495 430 2566 hujus
450 2514 557 2565 sermo,
576 2505 603 2550 et
622 2489 749 2568 quaedam
768 2495 929 2552 horridiora
948 2497 1052 2567 verba}
1069 2498 1107 2552 ita
1122 2499 1198 2554 enim

156 2597 218 2642 tum
234 2586 430 2659 loquebantur.
451 2586 486 2642 Id
504 2596 581 2642 muta
600 2617 640 2628 -
653 2585 713 2658 jam
731 2586 873 2642 neminem
891 2598 1046 2661 antepones
1062 2588 1168 2645 Catoni.
1185 2614 1197 2639 »

198 2679 280 2734 Hanc
294 2677 436 2733 Ciceronis
449 2677 642 2734 defensionem
653 2679 810 2752 legentibus
819 2697 879 2734 non
892 2679 945 2735 erit
953 2678 1071 2750 minan,
1083 2681 1198 2738 Catonis

157 2770 416 2847 praestantissimrnn
431 2788 501 2844 opus
511 2770 679 2843 jamdudum
694 2769 818 2843 periisse.

414 2948 457 3014 V.
489 2943 740 3043 Observationes
758 2945 937 3014 historicae.

198 3135 278 3192 Nihil
296 3136 384 3208 magis
403 3137 566 3210 expeditad
582 3148 707 3192 auctores
722 3149 831 3194 veteres
848 3157 910 3194 eum
924 3138 1017 3195 fructu
1029 3140 1124 3215 aliquo
1138 3144 1198 3210 his·

158 3227 257 3285 toricae
278 3226 448 3300 cognitionis
470 3229 618 3301 legendos,
644 3247 727 3302 quam
744 3231 863 3294 alterurn
880 3249 915 3284 ex
936 3231 1024 3286 altero
1044 3233 1198 3305 explicare,

157 3322 301 3394 supplere.
317 3321 380 3378 Hoc
393 3320 574 3374 commodum
590 3340 606 3377 a
623 3331 874 3379 commentatorum
892 3321 1012 3376 maxima
1031 3333 1110 3394 parte
1127 3323 1198 3380 frus-

157 3425 202 3468 tra
216 3422 403 3484 exspeetatur.
420 3411 505 3467 Pauci
521 3411 595 3492 inter
608 3431 672 3482 eos,
690 3412 738 3486 qui
757 3412 836 3467 cordi
851 3411 1011 3467 habuerrmt
1030 3415 1198 3484 promovere

158 3504 354 3579 cognitionem
362 3503 485 3559 historiae
494 3503 615 3573 veteris,-
626 3505 784 3579 allegarunt
801 3505 879 3560 locos
894 3501 1063 3578 scriptorum
1075 3505 1111 3560 ad
1124 3525 1199 3562 eam-

158 3599 225 3654 dem
234 3615 297 3652 rcm
304 3596 476 3670 pertinentes
484 3637 492 3666 ,
501 3615 572 3670 quos
581 3597 712 3666 evolvere
724 3615 783 3651 non
797 3595 930 3668 cujusque
943 3605 984 3650 est
997 3595 1117 3652 lectoris.
1126 3600 1198 3654 Pau-

157 3691 267 3758 eiores,
280 3688 354 3744 inter
369 3708 440 3762 quos
457 3687 626 3757 Lambinus,
643 3689 720 3745 locos
740 3699 900 3756 auctorum,
916 3705 1015 3742 eorum
1031 3690 1198 3761 praesertin,

158 3782 208 3856 qui
221 3779 316 3835 minus
332 3780 362 3834 in
377 3780 506 3835 manibus
519 3779 644 3834 tironum
661 3791 820 3849 versantur,
833 3779 862 3834 in
877 3781 1062 3836 annotatione
1077 3783 1199 3856 exscrip

157 3882 257 3928 serunt
262 3891 273 3941 3
287 3882 315 3926 at
331 3871 506 3945 paucissimi,
521 3883 648 3927 auctores
661 3871 692 3926 in
711 3873 821 3928 diversa
837 3872 972 3928 abeuntes
987 3884 1034 3927 aut
1049 3874 1198 3931 conciliare

157 3966 233 4021 inter
243 3983 287 4032 se,
300 3973 363 4032 aut,
376 3982 407 4019 re
420 3963 532 4037 cognita
540 4005 548 4032 ,
554 3964 691 4036 judicium
707 3964 742 4019 de
760 3965 801 4020 eis
810 3965 882 4020 ferre
896 3945 1102 4034 sustinuerunt,
1112 3984 1197 4038 quum

120 4051 123 4056 Α
158 4058 265 4113 erroris
284 4074 403 4130 arguere
420 4067 579 4127 auctorem,
595 4076 678 4131 quem
698 4067 937 4126 commentantur,
956 4054 1097 4130 piaculum
1119 4059 1197 4132 quasi
