3114 5032
447 533 484 588 ΙΝ
504 534 614 588 vms
634 533 790 589 lencm.
811 534 935 590 IMPRll.
1148 533 1204 590 233

174 675 261 730 quum
278 667 306 714 et
318 658 442 716 radicem
454 658 559 714 montis
572 659 706 715 tenebant
718 660 854 730 Romani3
867 660 917 716 sed
930 659 966 715 de
978 659 1049 715 urbe
1061 657 1135 715 inter
1142 659 1203 718 'fus-

175 749 276 823 tigimn
294 761 323 826 et
335 751 444 807 radices
459 752 564 807 montis
577 751 643 822 sita,
660 738 743 826 <praru
762 753 884 808 Amilcar
904 761 1100 824 occupaverat,
1124 763 1206 825 atque

175 840 890 918 adversusllomanosrmdiqueprementestuebatur.
904 845 1206 899 Vichourn.etD10n.

214 933 360 989 Dorticum.
380 937 436 990 Pro
456 936 558 1003 donec,
584 935 711 1010 antique,
728 946 761 990 ut
781 935 811 990 in
830 935 976 1005 Lucretio,
1002 953 1045 1004 ιι,
1072 942 1161 1005 1114,
1179 941 1208 992 el

175 1025 274 1080 Plauto
292 1027 403 1096 Aulul,
421 1046 449 1097 1,
468 1047 496 1098 1,
516 1027 559 1083 16.

216 1117 279 1172 Car.
288 1119 339 1173 111.
351 1120 406 1174 llle
418 1120 552 1175 arercrbzi
560 1118 682 1194 praefirit.
695 1120 760 1190 Ille,
774 1121 910 1177 Asdrubal
928 1121 1045 1191 scilicet,
1062 1119 1127 1195 quia
1143 1130 1208 1174 tunc

159 1208 301 1264 Annibal
316 1207 436 1284 imperio
452 1211 615 1267 immaturus
630 1223 697 1268 erat.

148 1301 150 1306 ’
214 1303 278 1358 Car.
293 1303 342 1357 IV.
358 1303 448 1358 Mare.
465 1305 578 1359 Fretum
592 1304 762 1360 Gaditanum
781 1303 917 1381 (Poura,
934 1324 978 1375 vr,
1000 1304 1039 1382 r).

215 1396 355 1472 Experiri.
377 1395 412 1451 Id
435 1404 491 1464 est,
509 1396 703 1451 Romanorum
727 1395 837 1470 virtutis
859 1407 887 1453 et
906 1398 1039 1471 potentiae
1055 1396 1208 1471 periurium

176 1489 282 1558 facere,
293 1505 382 1562 grace
399 1482 515 1560 arrpuit,
533 1488 654 1561 gallicas
664 1499 761 1543 mettre
772 1487 793 1542 ὰ
806 1490 953 1562 l'eptcuve,
970 1491 1109 1562 έρνοιινεν.
1195 1512 1197 1520 s

217 1582 259 1636 De
282 1580 419 1636 Amilcare
438 1581 509 1650 boc,
525 1580 643 1636 videndi
661 1591 795 1654 praeterea
813 1580 957 1654 Polybius,
972 1581 1080 1649 Livius,
1100 1579 1211 1634 Diodo-

178 1691 238 1743 rus,
250 1674 312 1728 Val.
328 1672 483 1741 Maximus,
500 1672 639 1740 lustinus,
651 1672 807 1745 Appianus,
825 1672 987 1744 Eulropius,
1003 1682 1053 1727 etc.
1074 1671 1141 1743 Ejus
1160 1689 1209 1726 ca-

180 1775 243 1839 put,
255 1775 288 1819 ut
300 1765 412 1834 volunt,
426 1764 572 1820 exhibetur
588 1764 618 1820 in
632 1782 747 1819 nummo
760 1774 893 1838 argenteo
907 1764 1127 1838 tetradrachmo,
1137 1764 1211 1819 inter

180 1857 319 1932 luagines
339 1857 487 1922 illustrium
503 1856 595 1913 Fulvii
606 1856 716 1927 Ursini,
731 1843 807 1912 num.
829 1875 876 1926 rx,
890 1856 927 1912 ad
942 1874 1025 1929 quam
1042 1856 1108 1911 ride
1126 1856 1211 1911 Com·
1250 1924 1252 1930 Α

178 1961 259 2004 ruera
274 1952 331 2005 Jos.
345 1949 438 2006 Fabri.
455 1968 484 2022 p.
498 1969 531 2024 9,
547 1968 591 2005 ro.
600 1950 714 2023 integra
727 1967 796 2004 vero
811 1947 916 2023 effigies
929 1949 960 2002 in
975 1948 1083 2004 duabus
1095 1948 1224 2026 gemmis¹

103 2108 106 2112 ¹
180 2040 316 2112 ejusdcm,
332 2041 367 2096 de
384 2041 487 2114 quibus
505 2040 628 2097 dicemus
648 2038 685 2096 ad
703 2057 841 2109 xx111,a.
859 2043 902 2095 De
917 2040 1054 2096 Amilcare
1072 2040 1142 2108 alio,
1160 2057 1213 2112 pa«

181 2144 252 2189 trem
275 2133 546 2208 Carthaginiensem,
569 2144 686 2202 matrem
706 2150 775 2188 vero
799 2134 1014 2207 Syracusanam,
1036 2141 1064 2186 et
1093 2131 1131 2186 ob
1150 2131 1210 2185 vir-
1278 2165 1284 2190 0

180 2229 268 2281 tuteris
284 2242 404 2299 regnum
421 2224 690 2299 Carthaginiensium
708 2234 807 2294 nacto,
824 2224 896 2279 mira
915 2243 963 2280 seu
978 2223 1106 2279 fabulosa
1117 2233 1213 2278 narrat

181 2317 357 2387 Herodotus,
366 2315 416 2372 lib.
430 2335 506 2386 vm,
519 2335 579 2391 cap.
596 2314 660 2372 166.
673 2319 716 2372 De
728 2327 827 2372 nostro
840 2317 991 2386 Amilcare,
1004 2316 1078 2371 conf.
1092 2316 1192 2370 Rollin.
1298 2385 1301 2396 1

503 2489 540 2535 m
565 2488 747 2542 annulus
773 2474 894 2535 vrrirr.
951 2477 953 2481 ’

219 2652 284 2707 car.
302 2651 325 2706 1.
342 2647 704 2721 Praestitirse...prudentra.
723 2648 787 2720 lpse
803 2645 929 2701 Annibal
953 2646 1136 2702 «Maximum
1156 2646 1213 2702 im.
1312 2681 1315 2686 ,

182 2753 341 2817 peratorem
353 2739 547 2795 Alexandrum
559 2740 708 2812 Magnum,
724 2738 862 2811 Pyrrhum
877 2737 1044 2807 secundum,
1061 2738 1173 2793 tertium
1186 2757 1215 2793 se

184 2836 272 2910 ipsum
282 2851 364 2890 esse»
378 2830 457 2887 dixit
468 2828 551 2903 Apud
558 2829 784 2898 livium,xxxr,
796 2835 845 2897 14,
859 2838 886 2884 et
898 2829 1073 2902 Appianum,
1086 2829 1215 2901 Syr-lacn.
1307 2857 1310 2866 ι

172 2921 175 2928 ’
222 2927 285 2982 cai.
303 2927 339 2980 11.
362 2925 476 2979 Pater...
493 2939 571 2976 meus
585 2921 741 2975 Hamilcar.
758 2909 879 2975 Narrant
893 2920 967 2976 banc
984 2938 1045 2976 rem
1059 2920 1144 2976 etiam
1155 2923 1215 2977 Po-

184 3019 290 3094 lybius,
311 3015 422 3083 Livius,
439 3012 502 3068 Val.
517 3012 671 3081 Maximus,
688 3022 741 3067 etc.
761 3013 931 3072 Corneolam
947 3012 1059 3082 Ursini,
1077 3001 1217 3095 repertam

184 3114 213 3167 in
229 3130 297 3186 agro
310 3108 445 3165 Perusino
462 3123 553 3180 prope
572 3106 664 3159 lacum
687 3103 896 3182 Trasimenum,
912 3104 962 3160 ubi
981 3105 1104 3162 Annibal
1123 3116 1216 3161 teten-

184 3205 256 3261 disse
272 3203 386 3277 legitur,
397 3199 428 3255 in
441 3217 496 3271 qua
508 3217 525 3252 a
538 3196 645 3252 dextris
657 3195 781 3250 Amilcar
793 3213 869 3250 sacra
885 3196 988 3251 faciens
1007 3198 1132 3270 sculptus
1145 3207 1217 3267 erat,
1258 3253 1261 3260 ⁴

184 3298 247 3371 ipso
263 3291 402 3351 Annibale
410 3307 498 3365 puero
512 3287 549 3344 ad
562 3306 639 3342 aram
650 3295 739 3342 stante
743 3326 753 3353 ,
767 3305 783 3340 a
797 3286 915 3342 sinistris
930 3287 1069 3342 Asdrubal
1083 3288 1218 3360 galeatus,

185 3399 298 3464 patruus
319 3385 393 3458 ejus,
412 3389 551 3437 memorat
567 3380 626 3434 Jos.
641 3377 733 3434 Faber
747 3370 968 3453 (Commentario
982 3380 1011 3432 in
1023 3378 1170 3452 Imagines
1181 3378 1218 3432 il-

185 3482 308 3538 lustrium
318 3477 491 3541 Ursria'anas,
500 3490 528 3545 p.
539 3469 597 3548 41),
606 3469 774 3542 conjicitque
783 3469 851 3524 Afro
858 3468 949 3538 alicui,
957 3469 1083 3525 studioso
1091 3469 1219 3524 Anniba-

185 3574 232 3642 lis,
247 3591 301 3646 pro
315 3585 424 3644 gemma
435 3561 565 3621 annulari
577 3561 669 3616 fuisse.
679 3559 770 3616 Addit
782 3571 809 3616 et
825 3560 861 3615 de
872 3559 926 3615 alia
941 3575 1050 3633 gemma
1059 3601 1068 3630 ,
1077 3559 1220 3634 utriusque

186 3665 290 3739 capita,
298 3661 349 3718 sed
357 3656 501 3716 Annibalis
514 3664 544 3710 ut
556 3653 651 3726 pueri,
664 3662 695 3707 ut
708 3652 858 3722 existimat,
872 3652 1038 3722 exhibente,
1051 3651 1220 3726 conjicitquc

186 3757 348 3814 annularem
362 3751 449 3826 ipsius
468 3741 616 3803 Annibalis
636 3744 727 3800 fuisse.
744 3745 798 3800 Hic
816 3745 906 3802 adhuc
927 3743 1020 3800 omnia
1038 3754 1221 3819 gracasunt,

187 3862 214 3908 et
225 3849 341 3905 nomina
355 3856 384 3902 et
399 3843 499 3900 l'nbnlae
512 3838 653 3914 mythicae,
668 3836 699 3893 id
715 3848 756 3894 est
769 3857 785 3894 a
797 3839 899 3895 Graecis
916 3839 1030 3894 inventa
1048 3857 1094 3894 seu
1109 3838 1219 3893 tradita.

186 3941 309 3999 Annibal
318 3927 1030 4011 mun,grace’aristasvel’Ava‘taa‚paerpraesuns
1043 3939 1221 4002 ceterosprn-
1311 3996 1313 4000 Α

187 4035 298 4103 dantia,
307 4031 420 4088 sortitus
433 4037 474 4084 est
483 4043 588 4081 nornen
597 4024 635 4081 ab
641 4019 752 4092 dracas,
762 4025 903 4098 impubes,
914 4042 964 4079 seu
977 4042 993 4078 a
1006 4017 1089 4092 risa,
1098 4021 1221 4095 prrnlens

187 4148 264 4197 tum,
277 4125 379 4200 vigilo,
392 4116 522 4193 νηφάλιος
536 4118 580 4172 vel
595 4113 742 4187 νηφάλιος,
755 4116 837 4191 vigil,
851 4116 987 4190 prudens,
1001 4124 1028 4170 et
1042 4132 1078 4185 a,
1094 4132 1154 4188 qnae
1163 4111 1233 4166 virn·
