3168 5048
336 464 390 518 136
583 545 586 554 Ι
672 461 848 518 CORNELII
869 463 1026 519 NEPOTIS

330 603 363 658 ct
385 591 424 656 L.
448 591 617 681 Torquato
642 612 746 672 coss.;
772 613 869 680 quem
899 591 985 658 diem
1009 591 1055 658 sic
1081 589 1233 656 universa
1255 585 1368 654 civitas

330 708 579 776 Atheniensium
596 722 771 802 prosecuta
786 723 850 794 est,
869 723 908 777 ut
926 708 1078 802 lacrymis
1096 707 1246 776 desiderii
1263 705 1366 774 futuri

331 824 477 894 dolorem
493 826 663 896 indicaret.

378 949 419 1014 V.
443 947 594 1014 Habebat
606 945 812 1016 avunculum
829 950 872 1037 Q.
892 946 1076 1032 Caecilium,
1101 949 1242 1040 equitem
1265 971 1369 1014 roma·

331 1091 426 1153 num,
439 1064 631 1136 familiarem
643 1069 682 1134 L.
696 1065 843 1154 Luculli,
861 1067 1010 1156 divitem,
1029 1064 1220 1134 difficillima
1237 1080 1366 1133 natura.

329 1186 434 1277 Cujus
460 1187 506 1254 sic
517 1188 725 1279 asperitatem
748 1188 871 1256 veritus
893 1203 956 1274 est,
977 1202 1031 1273 ut,
1047 1211 1145 1279 quem
1162 1210 1260 1254 nemo
1284 1184 1369 1252 ferre

328 1321 454 1400 posset,
472 1305 572 1397 hujus
588 1307 658 1393 sine
668 1306 850 1378 offensione
867 1307 910 1375 ad
923 1331 1084 1375 summam
1104 1319 1304 1374 senectutem
1317 1329 1368 1372 re-

328 1426 467 1494 tinuerit
483 1424 753 1494 benevolentiam.
774 1427 852 1514 Quo
870 1425 956 1494 facto
970 1424 1047 1493 tulit
1063 1426 1193 1519 pietatis
1210 1423 1366 1493 fructum.

329 1543 479 1614 Caecilius
497 1545 585 1612 enim
602 1547 745 1613 moriens
763 1560 958 1614 testamento
975 1545 1145 1639 adoptavit
1160 1569 1252 1630 eum,
1266 1544 1370 1612 haere·

330 1663 469 1756 demque
480 1663 556 1732 fecit
569 1689 608 1732 ex
621 1664 790 1734 dodrante.
805 1671 856 1735 Ex
865 1690 931 1759 qua
944 1665 1133 1734 haereditate
1144 1666 1269 1758 accepit
1280 1664 1370 1731 circi-

331 1798 380 1850 ter
399 1784 519 1851 centies
539 1785 733 1852 sestertium.
753 1789 835 1853 Erat
846 1799 951 1879 nupta
969 1809 1063 1854 soror
1080 1785 1180 1855 Attici
1198 1784 1240 1872 Q.
1260 1781 1369 1852 Tullio

331 1903 497 1990 Ciceroni;
512 1927 630 1996 easque
649 1905 782 1997 nuptias
794 1908 843 1973 Μ.
857 1906 973 1974 Cicero
987 1903 1194 1992 conciliarat,
1213 1929 1288 1972 cum
1301 1928 1370 1996 quo

331 2047 350 2090 a
367 2021 628 2117 condiscipulatu
648 2025 778 2093 vivebat
795 2025 1075 2116 conjunctissime,
1089 2022 1195 2092 multo
1209 2026 1307 2093 etiam
1323 2023 1371 2092 fa-

329 2141 504 2232 miliarius,
522 2169 622 2238 quam
641 2170 717 2213 cum
735 2147 879 2234 Quint03
898 2159 936 2212 ut
949 2144 1089 2237 judicari
1110 2146 1228 2238 possit,
1242 2143 1317 2238 plus
1335 2145 1370 2212 in

331 2265 473 2332 amicitia
489 2263 597 2333 valere
616 2263 862 2334 similitudinem
880 2290 1026 2350 morum,
1045 2288 1144 2357 quam
1166 2263 1368 2333 affinitatem.

302 2413 303 2422 ¹
331 2385 618 2453 Utebaturautem
632 2386 746 2454 intime
760 2387 802 2474 Q.
818 2387 1015 2472 Hortensio,
1029 2385 1151 2478 quibis
1165 2385 1371 2479 temporibus

331 2483 553 2599 principatum
571 2503 766 2597 eloquentia
783 2506 933 2593 tenebat,
952 2519 990 2572 ut
1004 2502 1141 2598 intelligi
1155 2530 1224 2572 non
1241 2519 1371 2599 posset,

332 2640 407 2693 uter
429 2650 505 2706 eum
527 2625 611 2720 plus*
622 2624 786 2720 diligeret,
810 2627 944 2714 Cicero,
965 2651 1009 2694 an
1031 2627 1243 2710 Hortensius;
1263 2639 1296 2693 et
1321 2625 1371 2713 id,

332 2737 423 2838 guod
443 2761 514 2815 erat
532 2745 778 2834 difficillimum,
795 2746 969 2834 efficiebat,
993 2761 1045 2834 ut,
1064 2747 1150 2814 inter
1169 2771 1253 2838 quos
1272 2760 1372 2816 tantae

332 2865 439 2935 laudis
453 2881 540 2935 esset
555 2865 735 2955 aemulatio,
755 2866 846 2935 nulla
861 2867 1076 2936 intercederet
1094 2867 1306 2955 obtrectatio,
1323 2892 1373 2934 es·

330 3000 447 3079 setque
465 2984 580 3053 talium
598 2987 747 3055 virorum
765 2985 894 3081 copula.
1380 2971 1383 2976 ¹

311 3126 315 3136 ·
380 3110 439 3174 VI.
459 3109 500 3177 Iu
512 3104 680 3200 republica
691 3109 737 3177 ita
748 3122 796 3190 est
808 3122 1022 3193 versatus,ut
1033 3131 1160 3202 semper
1168 3109 1372 3202 optimarum

333 3229 480 3323 partium
494 3243 527 3296 et
540 3243 638 3315 esset,
654 3243 687 3296 et
697 3230 957 3315 existimaretur;
976 3253 1084 3323 neque
1097 3244 1207 3297 tamen
1222 3253 1255 3296 se
1269 3227 1373 3296 civili·

332 3349 395 3416 bus
407 3348 564 3430 fluctibus
575 3328 809 3435 committeiet,
823 3349 913 3442 quod
924 3374 993 3418 non
1004 3350 1108 3444 magis
1120 3373 1176 3417 eos
1191 3350 1224 3416 in
1240 3371 1299 3417 sua
1312 3373 1373 3443 po-

333 3483 450 3538 testate
472 3470 677 3538 existimabat
697 3495 781 3556 esse,
803 3471 860 3563 qui
880 3463 972 3538 sciis
995 3469 1173 3555 dedissent,
1196 3449 1294 3562 qtiam
1315 3471 1372 3561 qui

333 3589 505 3656 maritimis
516 3588 729 3680 jactarentur.
744 3593 896 3657 Honores
910 3613 977 3657 non
992 3590 1103 3683 petiit,
1121 3614 1224 3681 quum
1239 3590 1269 3656 ei
1283 3603 1373 3683 pate·

334 3722 408 3777 rent
431 3722 567 3801 propter
589 3705 642 3775 vel
669 3709 807 3801 gratiam
830 3707 883 3776 vel
909 3708 1124 3804 dignitatem,
1149 3707 1239 3802 quod
1264 3733 1372 3800 neque

334 3828 401 3922 peti
418 3851 511 3896 more
526 3828 705 3921 majorum,
718 3847 825 3920 neque
840 3830 912 3922 capi
929 3843 1063 3922 possent
1080 3829 1280 3897 conservatis
1295 3828 1373 3922 legi-

334 3948 414 4032 bus,
436 3948 472 4016 iu
492 3963 560 4016 tam
580 3946 689 4016 effusis
710 3948 853 4016 ambitus
872 3947 1122 4042 largitionibus,
1142 3973 1250 4042 neque
1265 3950 1373 4042 'geric

336 4066 505 4158 republica
526 4069 594 4136 sine
613 4065 778 4160 periculo,
799 4069 964 4162 corruptis
981 4069 1123 4136 civitatis
1143 4070 1298 4138 moribus.
1319 4069 1371 4139 Ad
