3198 5174
355 523 392 574 70
509 503 511 508 ·
685 503 859 560 connum
880 503 1035 562 aaronis

353 630 455 715 latur,
474 629 632 698 adventus
653 626 724 720 ejus
746 653 843 697 causa
862 633 1080 724 cognoscitur.
1100 631 1223 698 Pisidas
1245 655 1319 698 cum
1341 632 1379 698 iis

353 773 435 842 quos
453 771 562 816 secum
580 747 734 833 babebat,
751 745 792 814 ad
805 746 1021 816 resistendum
1038 750 1134 841 Aspis
1148 761 1325 842 comparat.
1342 749 1381 815 Id

353 873 506 936 Datames
524 867 581 935 ubi
599 864 738 952 audivit,
755 889 845 932 arma
862 867 977 954 sumit,
994 890 1134 958 suosque
1152 869 1243 957 sequi
1257 865 1352 958 jubet
1372 892 1379 934 :

353 990 421 1081 ipse
447 1011 532 1079 equo
556 986 718 1054 concitato
745 983 787 1050 ad
807 983 933 1052 hostem
958 985 1101 1078 uehitur.
1127 987 1235 1072 Quem
1265 985 1380 1080 procul

352 1107 448 1199 Aspis
469 1105 669 1198 conspiciens
690 1102 785 1171 adse
806 1102 980 1188 ferentem,
1002 1104 1215 1195 pertimescit,
1241 1118 1339 1195 atque
1361 1127 1381 1170 a

262 1269 265 1276 .
353 1238 472 1291 conatu
496 1221 665 1290 resistendi
684 1222 871 1307 deterritus,
894 1245 962 1290 sese
984 1220 1082 1289 dedit.
1106 1225 1204 1288 Hunc
1228 1212 1381 1289 Datames

353 1328 501 1409 vinctum
520 1340 561 1407 ad
579 1365 687 1433 regem
703 1340 890 1408 ducendum
907 1340 1007 1407 tradit
1023 1340 1218 1408 Mithridati.

377 1462 442 1526 'V.
474 1463 552 1526 Haee
578 1458 656 1526 dum
683 1474 859 1552 geruntur,
887 1461 1097 1545 Artaxerxes,
1125 1459 1334 1525 reminiscens
1363 1483 1382 1526 a

354 1591 479 1672 quanto
504 1575 589 1643 bello
612 1576 654 1642 ad
679 1601 776 1668 quam
801 1600 934 1670 parvam
957 1601 1026 1643 rem
1052 1576 1234 1670 principem
1261 1575 1393 1644 ducum

355 1696 510 1778 misisset,
529 1719 562 1762 se
585 1697 654 1787 ipse
673 1693 895 1787 reprehendit,
913 1709 946 1761 et
968 1695 1122 1762 nuntium
1142 1695 1183 1761 ad
1207 1696 1382 1761 exercitum

355 1816 443 1882 Acen
457 1801 561 1899 misit,
574 1812 662 1904 quod
676 1811 822 1907 nondum
839 1816 1011 1880 Datamem
1029 1811 1212 1905 profectum
1229 1813 1382 1905 putabat,

356 1939 413 2028 qui
434 1935 571 2021 diceret,
597 1961 637 2003 ne
657 1937 698 2003 ab
721 1938 863 2018 exercitu
884 1934 1071 2002 discederet.
1093 1937 1169 2020 Hic,
1194 1937 1384 2028 priusquam

356 2055 557 2149 perveniret,
580 2079 647 2147 quo
669 2069 738 2122 erat
756 2053 944 2148 profectus,
958 2056 991 2122 in
1016 2056 1131 2121 itinere
1150 2037 1303 2122 convenit
1328 2057 1384 2146 qui

355 2174 467 2267 Aspim
485 2173 655 2241 ducebant.
676 2167 752 2262 Qua
772 2171 936 2262 celeritate
954 2198 1057 2265 quum
1076 2195 1227 2266 magnam
1245 2174 1385 2241 benevo-

356 2290 489 2360 lentiam
510 2295 594 2386 regis
619 2296 773 2360 Datames
798 2305 990 2360 consecutus
1015 2306 1113 2378 esset;
1137 2317 1204 2359 non
1225 2293 1384 2359 minorem

356 2411 511 2478 invidiam
540 2411 720 2480 aulicorum
751 2413 893 2504 excepit,
922 2413 979 2504 qui
1009 2409 1099 2482 illum
1129 2435 1233 2478 unum
1262 2409 1384 2504 pluris,

357 2555 456 2622 quam
474 2556 507 2598 se
521 2556 648 2617 omnes,
666 2532 736 2599 fieri
748 2510 903 2598 videbant
918 2556 926 2597 :
944 2555 1010 2623 quo
1026 2529 1111 2598 iacto
1125 2532 1235 2597 cuncti
1252 2530 1293 2597 ad
1311 2553 1383 2597 eum

358 2649 609 2742 opprimendum
623 2663 866 2718 consenserunt.
885 2653 962 2717 Haec
977 2649 1152 2734 Pandates,
1172 2671 1258 2742 gazae
1276 2661 1384 2716 custos

357 2769 471 2860 regiae,
496 2769 617 2836 amicus
641 2770 787 2855 Datami,
811 2770 990 2862 perscripta
1013 2769 1042 2836 ei
1065 2769 1182 2855 mittit3
1207 2770 1241 2835 in
1267 2768 1385 2860 quibus

359 2884 468 2971 docet,
494 2914 510 2948 a
533 2910 608 2953 eum
629 2911 749 2980 magno
768 2887 838 2955 fore
851 2886 1011 2980 periculo,
1035 2889 1061 2954 si
1082 2886 1179 2978 qnid,
1204 2885 1259 2955 illo
1285 2890 1386 2980 impe-

358 3019 469 3091 rante,
493 3007 526 3072 in
548 3008 687 3100 AEgypto
707 3001 833 3074 adversi
851 3007 1044 3075 accidisset:
1067 3029 1208 3098 namque
1227 3031 1296 3074 earn
1319 3031 1387 3074 esse

360 3123 627 3194 consuetudinem
656 3129 797 3218 regiam,
829 3139 866 3192 ut
897 3149 989 3192 casus
1018 3123 1170 3192 adversos
1199 3125 1387 3192 hominibus

360 3243 524 3327 tribuant,
542 3243 700 3312 secundos
719 3244 857 3313 fortuna
875 3267 958 3330 suae3
976 3267 1042 3335 quo
1062 3243 1147 3328 fieri,
1167 3242 1312 3311 ut-facile
1330 3245 1389 3309 im-

359 3361 523 3456 pellantur
540 3363 583 3429 ad
601 3386 714 3429 eorum
734 3365 925 3456 perniciem,
944 3387 1086 3454 qnorum
1105 3363 1207 3429 ductu
1231 3387 1283 3428 res
1305 3361 1389 3428 maie

360 3495 457 3576 gestae
476 3484 669 3550 nuntientur
687 3507 696 3549 ι
716 3480 808 3549 illum
824 3481 888 3548 hoc
905 3481 1028 3572 majore
1046 3480 1115 3548 fore
1133 3483 1167 3547 in
1187 3480 1387 3567 discrimine,

360 3601 466 3693 quod,
488 3602 607 3692 quibus
627 3625 682 3668 rex
701 3602 840 3668 maxime
855 3593 1001 3683 obediat,
1023 3625 1077 3667 eos
1096 3599 1215 3667 habeat
1234 3600 1387 3666 inimicis·

360 3721 497 3788 simos.»
514 3718 647 3788 Talibus
664 3718 717 3788 ille
735 3718 851 3786 litteris
865 3719 1022 3812 cognitis,
1039 3741 1142 3811 quum
1157 3719 1226 3809 jam
1243 3718 1283 3785 ad
1300 3741 1390 3784 excr-

360 3840 461 3905 eitum
477 3840 566 3906 Acen
584 3840 738 3926 venisset,
753 3838 843 3932 quod
859 3863 926 3906 non
943 3838 1116 3931 ignorabat
1141 3862 1179 3905 ea
1199 3862 1274 3904 vere
1290 3837 1390 3926 scrip-

361 3971 410 4043 ta,
429 3949 606 4026 desciscere
623 3981 642 4024 a
659 3981 735 4051 rege
753 3958 932 4027 constituit.
950 3959 1064 4050 Neque
1084 3973 1193 4025 tamen
1211 3954 1389 4048 quidquam

343 4075 452 4162 iecit,
477 4075 565 4167 quod
590 4077 654 4144 fide
680 4101 739 4144 sua
764 4090 846 4144 esset
871 4077 1042 4170 indignum
1066 4102 1073 4142 ε
1096 4101 1171 4144 nam
1193 4071 1390 4143 Androciem
