3168 5048
358 452 393 519 78
568 483 571 490 ·
692 454 864 512 conueur
883 455 1035 513 urrorts

356 594 419 667 est,
438 593 474 646 ut
488 579 528 647 de
544 577 711 674 republica
728 579 828 667 nibil,
845 595 962 676 prater
979 579 1129 674 gloriam,
1147 586 1277 678 ceperit.
1295 587 1378 654 Ami-

358 722 472 766 corum
485 700 519 765 in
534 723 568 766 se
583 699 705 768 tuendo
718 701 823 768 caruit
836 699 1059 788 facultatibus3
1074 701 1138 768 lide
1154 700 1196 768 ad
1213 700 1293 770 alios
1308 705 1380 772 sub·

357 815 510 887 levandos
529 843 613 912 saepe
629 821 675 886 sic
695 844 773 888 usus
793 832 857 906 est,
877 833 915 887 ut
937 820 1039 913 possit
1052 819 1207 912 judicari,
1224 825 1333 891 omnia
1350 826 1380 892 ei

264 993 267 1006 .
357 959 432 1004 cum
446 938 557 1006 amicis
570 936 667 1006 fuisse
681 939 876 1008 communia.
890 939 975 1006 Nam
989 961 1091 1030 quum
1104 953 1162 1006 aut
1173 940 1293 1008 civium
1306 965 1381 1009 suo·

357 1081 431 1124 rum
444 1055 561 1150 aliquis
574 1059 616 1126 ab
630 1059 778 1126 hostibus
791 1072 874 1126 esset
887 1071 1016 1150 captus,
1034 1071 1092 1126 aut
1104 1059 1198 1152 virgo
1210 1061 1307 1126 amici
1321 1083 1380 1128 nu·

265 1153 266 1160 ¹
356 1174 429 1244 bilis
452 1191 586 1270 propter
609 1190 834 1270 paupertatem
857 1173 1008 1244 collocari
1029 1199 1096 1244 non
1116 1191 1240 1269 posset,
1263 1179 1380 1246 amico-

356 1292 430 1366 rum
448 1294 623 1366 concilium
639 1296 795 1382 habebat,
813 1310 846 1366 et
861 1309 1022 1389 quantum
1039 1297 1177 1388 quisque
1193 1295 1299 1384 daret,
1316 1321 1379 1391 pro

356 1417 515 1509 cujusque
522 1413 732 1485 facultatibus
745 1416 938 1509 imperabat.
948 1418 1094 1506 Eamque
1102 1436 1261 1484 summam
1275 1439 1378 1507 quum

303 1586 306 1596 .
356 1534 493 1621 fecerat,
511 1537 702 1628 priusquam
720 1535 879 1626 acciperet
895 1535 1082 1626 perunum,
1102 1532 1284 1601 adducebat
1303 1559 1379 1602 eum

356 1655 413 1745 qui
430 1655 611 1746 quaerebat,
629 1653 670 1722 ad
686 1677 740 1721 eos
759 1655 817 1746 qui
835 1651 1061 1738 conferebant,
1077 1654 1172 1744 eique
1187 1667 1225 1720 ut
1241 1654 1303 1746 ipsi
1319 1679 1380 1721 nu·

356 1787 534 1859 mererent,
551 1773 701 1859 laciebat;
724 1786 761 1841 ut
779 1771 833 1842 ille
857 1771 900 1840 ad
915 1795 1013 1865 quem
1029 1796 1067 1840 ea
1085 1796 1136 1840 res
1152 1771 1378 1864 perveniebat,

357 1893 452 1960 sciret
465 1906 625 1983 quantum
642 1894 758 1984 cuique
776 1892 914 1960 deberet.

402 2014 460 2080 TV.
486 2013 625 2080 Tentata
641 2027 749 2080 autem
765 2014 834 2105 ejus
848 2026 895 2080 est
913 2013 1109 2080 abstinentia
1124 2036 1144 2079 a
1159 2011 1379 2080 Diomedonte
1448 2005 1450 2012 .

356 2131 527 2223 Cyziceno.
543 2133 691 2224 Namque
708 2132 750 2219 is,
768 2145 886 2225 rogatu
901 2131 1102 2218 Artaxerxis,
1116 2129 1377 2224 Epaminondam
1408 2203 1411 2210 ,

353 2251 494 2341 pecunia
505 2250 779 2344 corrumpendum
791 2265 985 2343 susceperat.
1001 2252 1063 2318 Hic
1077 2275 1197 2343 magno
1211 2275 1286 2318 cum
1298 2274 1381 2343 pon·

355 2369 430 2438 dere
454 2373 527 2439 auri
549 2372 678 2439 Thebas
703 2372 808 2457 venit,
835 2385 868 2440 et
891 2371 1075 2465 Micythum
1100 2369 1379 2439 adolescentulum

354 2492 500 2584 quinque
523 2491 651 2560 talentis
675 2491 717 2560 ad
743 2515 835 2558 suam
858 2491 1011 2583 perduxit
1036 2489 1255 2576 voluntatem,
1280 2514 1378 2582 quem

355 2623 426 2678 tum
444 2609 686 2703 Epaminondas
703 2608 882 2703 plurimum
900 2608 1063 2703 diligebat.
1074 2607 1239 2701 Micythus
1251 2592 1380 2701 Epami-

355 2727 499 2796 nondam
521 2731 688 2817 convenit,
706 2744 738 2797 et
755 2751 885 2798 causam
904 2727 1062 2796 adventus
1080 2728 1306 2796 Diomedontis
1329 2752 1382 2794 os-

354 2848 468 2915 tendit.
483 2851 527 2918 At
540 2847 608 2935 ille,
625 2848 843 2946 Diomedonte
856 2870 967 2917 coram
983 2873 990 2914 :
1007 2845 1281 2938 «Nihil,·inquit,
1296 2870 1380 2939 opus

334 2943 336 2950 ,
354 2966 494 3058 pecunia
512 2982 577 3054 est3
596 2993 671 3036 nam
690 2969 716 3036 si
734 2992 772 3036 ea
791 2977 848 3035 rex
870 2964 943 3035 vult
960 2991 1032 3058 quae
1054 2966 1217 3034 Thebanis
1234 2968 1300 3034 sint
1316 2966 1400 3051 uti-¹

354 3084 412 3171 lia,
428 3088 528 3180 gratis
545 3087 649 3156 facere
666 3112 739 3170 sum
755 3101 907 3180 paratus;
925 3087 974 3154 sin
989 3101 1098 3154 autem
1115 3087 1294 3172 contraria,
1312 3110 1380 3152 non

354 3207 454 3276 habet
470 3208 541 3276 auri
562 3221 660 3299 atque
680 3207 806 3301 argenti
826 3207 928 3274 satis:
950 3229 1091 3296 namque
1108 3204 1196 3272 orbis
1217 3218 1381 3272 terrarum

354 3325 482 3394 divitias
499 3327 645 3420 accipere
664 3325 742 3394 nolo
762 3351 823 3420 pro
843 3326 956 3419 patriae
977 3319 1119 3392 caritate.
1141 3325 1204 3410 Te,
1223 3322 1312 3414 quod
1329 3345 1382 3389 me

323 3431 331 3458 ⁸
355 3446 558 3536 incognitum
587 3447 738 3532 tentasti,
752 3446 880 3537 tuique
908 3442 1044 3511 similem
1072 3444 1281 3529 existimasti,
1310 3466 1380 3508 non

354 3564 466 3649 miror,
487 3564 612 3655 tibique
632 3565 782 3656 ignos003
803 3563 857 3632 sed
879 3561 1032 3656 egredere
1055 3585 1211 3655 propere,
1236 3587 1278 3628 ne
1301 3559 1380 3628 alios

354 3705 561 3774 corrumpas,
575 3707 677 3773 quum
691 3705 743 3750 me
756 3707 823 3750 non
837 3663 993 3774 potueris.
1008 3684 1078 3768 Tu,
1092 3680 1251 3772 Micythe,
1266 3703 1381 3772 argen-

304 3815 305 3818 ’
354 3816 425 3869 tum
442 3801 520 3869 huic
540 3800 641 3868 redde
657 3827 664 3868 :
684 3803 747 3869 nisi
763 3802 797 3869 id
821 3799 990 3868 confestim
1008 3799 1102 3886 facis,
1121 3825 1182 3894 ego
1201 3797 1381 3867 tetradem

353 3921 598 4014 magistratui.»
622 3923 719 3988 Hunc
743 3919 926 3988 Diomedon
950 3944 1052 4020 quum
1076 3933 1224 4013 rogaret,
1248 3933 1286 3985 ut
1310 3930 1381 3985 tuto

354 4040 456 4128 exire,
475 4062 615 4130 suaque,
632 4063 703 4132 quae
717 4038 894 4124 attulisset,
907 4036 1019 4107 liceret
1033 4038 1147 4106 efferre
1161 4066 1168 4104 :
1184 4037 1318 4122 «Istud,
1332 4037 1381 4102 in·
