3198 5174
519 615 521 619 ’
637 639 860 705 rueramus.
1228 643 1267 716 ³9

233 767 430 838 eadcmloea
447 767 508 836 sibi
526 764 719 848 arbitratus,
732 765 862 858 penitus
876 765 910 832 iu
921 764 1096 834 Thraciam
1116 784 1150 833 se
1167 786 1267 858 supra
1330 778 1333 785 “

233 886 466 980 Propontidem
476 885 614 973 abdidit,
626 907 760 977 sperans
771 883 817 951 ibi
830 881 983 951 facillime
995 907 1088 952 suam
1099 883 1265 953 fortunam

215 984 335 1074 ‘occuli
354 1010 448 1099 posse
465 1030 473 1072 :
493 1005 586 1073 falso.
608 1005 695 1073 Nam
715 1004 875 1090 Thraces,
896 1017 1072 1097 postquam
1092 1027 1169 1072 eum
1190 1028 1265 1072 curn

230 1149 349 1219 magna
369 1126 506 1218 pecunia
527 1125 652 1194 venisse
678 1139 866 1213 senserunt,
886 1119 1018 1191 insidias
1036 1125 1066 1190 ei
1088 1123 1265 1192 feceruut:

229 1245 358 1337 quiea,
377 1269 450 1337 quae
468 1258 676 1338 apportarat,
695 1242 917 1332 abstulerunt,
936 1244 1045 1337 ipsum
1062 1267 1178 1335 capere
1196 1267 1264 1312 non

180 1431 182 1436 .
229 1347 420 1456 potueruut.
433 1362 493 1432 llle
506 1385 659 1452 cernens,
673 1362 803 1432 nullum
816 1362 924 1431 locum
937 1362 999 1429 sibi
1011 1376 1119 1430 tutum
1130 1364 1164 1428 in
1177 1364 1266 1430 Grae·

228 1485 278 1550 cia
297 1496 434 1577 propter
449 1483 632 1576 potentiam
651 1481 996 1568 Lacedaemoniorum‚
1016 1479 1264 1548 adPharnaba·

228 1627 304 1670 zum
329 1603 364 1668 in
387 1603 499 1670 Asiam
526 1601 666 1669 transiit.
698 1602 808 1689 Quem
832 1599 966 1694 quidem
987 1599 1069 1667 adeo
1085 1606 1155 1666 'sua
1178 1600 1264 1694 ce'pit

227 1721 446 1807 humanitate,
465 1735 503 1788 ut
519 1745 595 1788 eum
612 1743 709 1788 nemo
722 1720 756 1786 in
768 1719 912 1786 amicitia
926 1717 1141 1786 antecederet.
1160 1718 1263 1786 Nam·

226 1863 290 1932 que
310 1841 339 1907 ei
361 1841 530 1912 Grunium
549 1839 704 1930 dederat,
723 1840 757 1906 in
777 1837 920 1932 Phrygia
946 1851 1105 1923 castrum,
1120 1859 1169 1904 ‘ex
1194 1861 1260 1929 quo

226 1959 456 2056 quinquagena
475 1956 598 2027 talenta
617 1956 783 2051 vectigalis
796 1956 953 2049 capiebat.
967 1957 1043 2044 Qua
1055 1955 1188 2024 fortuna
1200 1954 1260 2024 Al·

224 2077 364 2145 cibiades
381 2102 449 2144 non
467 2091 536 2145 erat
553 2090 740 2160 contentus,
758 2059 865 2168 neque
883 2071 1028 2154 Athenas
1046 2075 1261 2142 victasLace-

224 2193 393 2263 daemoniis
406 2196 528 2263 servire
541 2187 670 2288 poterat
685 2197 764 2288 pati.
777 2193 952 2291 Itaquead
964 2193 1107 2287 patriam
1119 2192 1260 2262 liberan-

224 2314 300 2382 dam
318 2316 408 2382 omni
427 2314 593 2382 ferebatur
611 2315 818 2408 cogitatione.
832 2313 897 2384 Sed
915 2313 1046 2381 videbat
1058 2313 1092 2380 id
1103 2315 1173 2380 sine
1184 2339 1261 2409 rege

223 2435 398 2500 Persarum
414 2456 481 2500 nou
498 2458 593 2527 posse
608 2433 695 2521 fieri3
713 2433 853 2526 ideoque
866 2457 945 2500 eum
960 2433 1106 2510 amicum
1124 2433 1184 2500 sibi
1204 2457 1260 2501 cu·

134 2635 137 2641 ,
222 2552 335 2646 piebat
352 2551 498 2647 adjungi.
518 2554 633 2645 Neque
647 2551 817 2620 dubitabat
834 2549 928 2620 facile
940 2577 973 2619 se
988 2565 1258 2641 consecuturum,
1357 2555 1359 2560 ’

221 2673 249 2739 si
266 2670 365 2739 modo
381 2673 452 2764 ejus
468 2671 684 2740 conveniendi
699 2671 865 2739 habuisset
876 2683 1078 2764 potestatem.
1092 2671 1177 2740 Nam
1194 2673 1259 2764 cy-

222 2815 296 2857 rum
319 2790 454 2858 fratrem
472 2794 501 2859 ei
521 2789 644 2860 bellum
665 2790 750 2860 clam
773 2815 903 2883 parare,
926 2789 1258 2878 Lacedaemoniis'ad-

217 2911 426 3001 juvantibus,
449 2911 597 2978 sciebat:
620 2911 654 2980 id
671 2913 699 2980 si
719 2912 748 2978 ei
773 2909 967 3003 aperuisset,
988 2930 1141 3012 magnam
1162 2935 1196 2978 se
1216 2888 1258 2978 ab

220 3053 260 3097 eo
279 3030 444 3104 initurum¹
457 3030 597 3124 gratiam
617 3030 758 3099 videbat.

268 3151 311 3216 X.
327 3153 415 3216 'Haec
433 3173 537 3243 quum
555 3149 739 3237 moliretur,
752 3139 943 3244 peteretque
957 3173 976 3216 a
993 3147 1207 3217 Pharnabazo
1220 3163 1258 3218 ut

219 3266 261 3334 ad
279 3291 391 3360 regem
414 3270 614 3356 mitteretur3
639 3269 756 3337 eodem
777 3283 924 3363 ternpore
946 3269 1069 3337 Critias
1092 3269 1257 3360 ceterique

219 3389 350 3479 tyranni
371 3387 621 3478 Atheniensium
643 3403 748 3459 certos
769 3388 917 3456 homines
936 3387 979 3456 ad
997 3387 1204 3480 Lysandrum
1223 3390 1256 3455 in

219 3509 331 3576 Asiam
348 3509 526 3594 miserunt,
546 3509 602 3602 qui
621 3533 696 3578 eum
716 3509 889 3575 certiorem
907 3503 1066 3591 facerent,
1086 3507 1148 3573 nisi
1166 3505 1256 3584 Alci·

217 3623 346 3694 biadem
366 3626 564 3716 sustulisset,
584 3626 667 3696 nihil
685 3651 796 3696 earum
816 3610 926 3695 renum
944 3627 1015 3694 fore
1031 3640 1156 3712 ratum,
1175 3648 1256 3718 quas

217 3747 285 3839 ipse
303 3747 441 3815 Athenis
459 3748 679 3816 constituisset
695 3773 710 3843 :-
723 3764 839 3840 quate,
859 3749 886 3816 si
905 3770 979 3815 suas
999 3771 1050 3814 res
1067 3761 1172 3840 gestas
1189 3771 1257 3815 ma-

218 3891 297 3933 nere
323 3864 433 3952 vellet,
456 3864 549 3933 illum
569 3853 831 3961 persequeretur.
857 3868 917 3933 His
937 3869 1027 3934 Laco
1047 3867 1145 3934 rebus
1166 3891 1255 3933 com·

217 3998 326 4053 motus
336 3987 467 4072 statuit,
485 3987 669 4056 accuratius
682 3989 744 4056 sihi
761 3987 925 4081 agendum
940 4013 1016 4055 cum
1031 3984 1252 4055 Pharnabazo.

218 4107 302 4172 Huic
315 4125 393 4199 ergo
406 4107 592 4191 renuntiat,
605 4131 677 4199 quae
689 4107 758 4200 regi
775 4133 850 4176 cum
862 4092 1119 4176 Lacedaemoniis
1129 4118 1253 4190 esseut,

217 4223 309 4292 irrita
333 4223 461 4312 lutura,
482 4223 543 4292 nisi
569 4225 771 4294 Alcibiadem
790 4228 902 4295 vivum
921 4239 977 4293 aut
998 4239 1166 4294 mortuum
1188 4237 1254 4292 tra·
