3168 5048
523 474 699 530 CORNELII
721 475 879 530 NEPOTIS
901 475 1006 531 CATO.
1229 474 1279 525 131
1339 527 1344 534 ,

245 625 335 688 mus,
349 625 449 693 quam
463 597 641 694 quemlibet
654 597 892 694 amplissimum
907 599 1147 668 Sardiniensem
1164 599 1283 665 trium-

245 713 359 814 phum.
438 779 440 783 ,
548 735 551 746 “

291 843 334 908 ll.
361 838 579 916 Consulatum
604 841 703 934 gessit
722 861 800 907 eum
822 841 860 907 L.
880 837 1013 908 Valerio
1039 837 1169 924 Flacco,
1194 854 1284 908 sorte

242 959 445 1053 provinciam
458 972 576 1026 nactus
588 960 781 1053 Hispaniam
793 959 992 1046 citeriorem,
1004 982 1109 1050 exque
1121 937 1159 1025 ea
1170 959 1285 1026 trium-

242 1079 346 1173 phum
366 1079 561 1173 deportavit.
582 1078 634 1146 lbi
652 1103 756 1172 quum
770 1079 895 1148 diutius
909 1093 1106 1166 moraretur,
1120 1081 1156 1147 P.
1173 1080 1283 1173 Scipio

241 1198 415 1268 Africanus
429 1185 544 1266 consul
557 1199 695 1286 iterum,
709 1198 803 1290 cujus
817 1199 851 1266 in
866 1199 976 1293 priore
994 1195 1167 1266 consulatu
1179 1222 1284 1290 quaes-

242 1339 295 1386 tor
313 1317 437 1406 fuerat,
458 1316 563 1388 voluit
580 1343 655 1385 eum
674 1318 715 1386 dc
732 1318 904 1413 provincia
922 1315 1101 1411 depellere,
1119 1331 1152 1384 et
1171 1319 1240 1411 ipse
1254 1319 1283 1385 ei

242 1437 424 1506 succedere.
439 1440 556 1532 Neque
568 1437 633 1506 hoo
650 1463 709 1532 per
727 1452 877 1506 senatum
891 1436 1019 1505 efficere
1032 1438 1160 1531 potuit,
1179 1461 1283 1530 quum

242 1557 376 1650 quidem
395 1559 506 1653 Scipio
530 1560 564 1625 in
588 1559 719 1627 civitate
741 1560 963 1653 principatum
981 1558 1170 1626 obtineret:
1192 1559 1283 1652 quod

242 1696 312 1746 turn
332 1704 400 1747 non
419 1680 583 1772 potentia,
602 1679 658 1747 sed
668 1679 760 1771 jure,
778 1676 963 1773 respublica
979 1677 1282 1747 administrabatur.

219 1801 221 1806 ’
241 1799 318 1886 Qua
329 1823 368 1867 ex
386 1823 421 1866 re
435 1799 538 1867 iratus
557 1799 702 1886 senatui,
721 1796 895 1866 consulatu
914 1813 1061 1891 peracto,
1081 1800 1229 1892 privatus
1249 1801 1282 1866 in

245 1917 324 1989 urbe
343 1919 472 1986 mansit.
491 1922 534 1987 At
548 1922 650 2004 Cato„
665 1941 781 1986 censor
799 1941 875 1985 cum
892 1917 1007 1985 eodem
1022 1917 1139 1986 Flacco
1157 1917 1281 2005 factus,

242 2060 351 2104 severe
369 2035 500 2132 praefuit
517 2039 546 2105 ei
562 2039 726 2132 potestati.
747 2039 831 2130 Nam
847 2052 880 2104 et
898 2039 932 2104 in
951 2036 1137 2131 complures
1155 2036 1281 2107 nobiles

242 2158 489 2246 animadvertit,
512 2173 545 2226 et
569 2156 688 2225 multas
707 2181 759 2225 res
784 2181 886 2224 novas
912 2159 946 2224 in
970 2157 1113 2224 edictum
1136 2157 1281 2244 addidit,

242 2300 363 2368 quare
386 2274 517 2344 luxuria
539 2278 791 2370 reprimeretur,
819 2301 892 2370 quae
913 2277 982 2368 jam
1009 2290 1080 2344 turn
1105 2278 1301 2371 incipiebat,

242 2394 418 2489 pullulare..
439 2397 578 2466 Circiter
599 2421 703 2465 annos
729 2398 899 2490 octoginta
917 2396 1085 2488 usquead
1103 2410 1281 2464 extremam

241 2530 367 2582 aetatem
386 2516 427 2583 ab
446 2514 680 2605 adolescentia,
703 2513 891 2610 reipublicae
913 2539 1011 2583 causa
1033 2515 1197 2609 suscipere
1218 2516 1281 2582 iui-

240 2634 379 2702 micitias
391 2660 459 2703 non
472 2635 604 2703 destitit.
617 2639 647 2704 A
660 2633 772 2703 multis
783 2649 944 2722 tentatus,
957 2659 1024 2702 non
1038 2635 1139 2702 modo
1151 2633 1279 2703 nullum

240 2753 473 2824 detrimentum
487 2756 736 2824 existimationis
752 2755 842 2843 fecit,
857 2755 929 2842 sed,
942 2755 1052 2847 quoad
1066 2756 1161 2841 vixit,
1176 2756 1280 2822 virtu·
1353 2825 1355 2836 ,

240 2889 312 2942 tum
330 2873 427 2943 laude
445 2878 556 2944 crevit.
615 2859 620 2866 ’

288 2998 347 3063 ΙΠ.
373 2998 414 3063 In
433 2997 586 3065 omuibus
605 2997 703 3065 rebus
722 2994 881 3090 singulari
900 2994 963 3064 fuit
982 2996 1158 3089 prudentia
1176 3010 1209 3064 et
1229 2998 1279 3064 in-

239 3115 375 3184 dustria.
397 3118 483 3186 Nam
500 3131 533 3185 et
550 3115 694 3210 agricola
712 3114 828 3203 solers,
846 3131 880 3183 et
891 3114 1078 3209 reipublicae
1091 3117 1232 3209 peritus,
1247 3133 1279 3184 et

239 3232 507 3325 jurisconsultus,
519 3251 552 3304 et
563 3260 703 3331 magnus
717 3235 907 3329 imperator,
919 3249 953 3302 et
964 3233 1142 3329 probabilis
1155 3250 1277 3323 orator,

239 3372 272 3424 et
286 3357 516 3452 cupidissimus
534 3355 717 3424 litterarum
736 3354 806 3422 fuit.
824 3355 976 3442 Quarum
993 3355 1140 3423 studium
1156 3356 1217 3423 etsi
1230 3379 1278 3422 se-

192 3497 195 3505 '
243 3474 315 3543 nior
332 3478 532 3571 arripuerat,
552 3491 661 3543 tamen
687 3490 817 3543 tantum
837 3476 871 3542 in
893 3475 938 3542 eis
956 3499 1166 3568 progressum
1186 3473 1276 3562 fecit,

240 3609 279 3661 ut
296 3620 364 3662 non
378 3593 471 3664 facile
489 3596 632 3689 reperire
649 3596 767 3688 possis,
782 3589 944 3686 neque'de
962 3595 1092 3688 graecis,
1112 3618 1219 3688 neque
1236 3595 1296 3664 de.

240 3712 355 3782 italicis
371 3714 484 3800 rebus,
501 3714 591 3806 quod
604 3715 635 3781 ei
652 3714 751 3782 fucrit
765 3715 980 3808 incognitum.
996 3714 1046 3783 Ab
1060 3712 1276 3783 adolescentia
1366 3759 1367 3762 =

240 3833 379 3902 confecit
392 3834 566 3902 orationes,
583 3836 687 3902 Senex
703 3834 843 3901 scribere
856 3833 1008 3902 historias
1026 3833 1183 3921 instituit,
1196 3857 1276 3925 qua-

239 3927 314 4022 rum
339 3967 417 4022 sunt
438 3952 515 4021 libri
540 3968 673 4047 septem.
696 3954 828 4022 Primus
852 3954 998 4021 continet
1018 3975 1069 4020 res
1091 3968 1200 4046 gestas
1223 3977 1274 4020 re-

241 4099 319 4168 gum
337 4072 452 4169 populi
470 4075 599 4142 romani
618 4098 625 4138 :
648 4071 812 4140 secundus
829 4086 862 4140 et
880 4073 1011 4156 tertius,
1030 4071 1117 4138 unde
1137 4097 1274 4164 quaeque

1049 4214 1127 4292 .9·
