<?xml version="1.0" encoding="UTF-8"?>
<!DOCTYPE html PUBLIC "-//W3C//DTD XHTML 1.0 Transitional//EN"
    "http://www.w3.org/TR/xhtml1/DTD/xhtml1-transitional.dtd">
<html xmlns="http://www.w3.org/1999/xhtml" xml:lang="en" lang="en">
 <head>
  <title>
</title>
<meta http-equiv="Content-Type" content="text/html;charset=utf-8" />
  <meta name='ocr-system' content='tesseract 3.04.00' />
  <meta name='ocr-capabilities' content='ocr_page ocr_carea ocr_par ocr_line ocrx_word'/>
</head>
<body>
  <div class='ocr_page' id='page_1' title='image "./corneliinepotio00nepogoog_0261.png"; bbox 0 0 3114 5032; ppageno 0'>
   <div class='ocr_carea' id='block_1_1' title="bbox 332 485 1180 575">
    <p class='ocr_par' dir='ltr' id='par_1_1' title="bbox 332 485 1180 575">
     <span class='ocr_line' id='line_1_1' title="bbox 332 485 1180 575; baseline -0.007 -12"><span class='ocrx_word' id='word_1_1' title='bbox 332 515 388 575; x_wconf 59' lang='grc' dir='ltr'>ψ</span> <span class='ocrx_word' id='word_1_2' title='bbox 521 504 633 560; x_wconf 81' lang='lat' dir='ltr'><strong>uorn</strong></span> <span class='ocrx_word' id='word_1_3' title='bbox 654 503 693 558; x_wconf 84' lang='lat' dir='ltr'><strong>ru</strong></span> <span class='ocrx_word' id='word_1_4' title='bbox 714 501 744 556; x_wconf 89' lang='lat' dir='ltr'><strong>c.</strong></span> <span class='ocrx_word' id='word_1_5' title='bbox 769 485 926 558; x_wconf 77' lang='lat' dir='ltr'><strong>iunonis</strong></span> <span class='ocrx_word' id='word_1_6' title='bbox 945 500 1180 558; x_wconf 73' lang='lat' dir='ltr'><strong>minumum.</strong></span> 
     </span>
    </p>
   </div>
   <div class='ocr_carea' id='block_1_2' title="bbox 492 693 1202 752">
    <p class='ocr_par' dir='ltr' id='par_1_2' title="bbox 492 693 1202 752">
     <span class='ocr_line' id='line_1_2' title="bbox 492 693 1202 752; baseline -0.007 -9"><span class='ocrx_word' id='word_1_7' title='bbox 492 699 528 744; x_wconf 77' lang='lat' dir='ltr'><strong>tlt</strong></span> <span class='ocrx_word' id='word_1_8' title='bbox 554 695 767 745; x_wconf 69' lang='lat' dir='ltr'><strong>rutulum</strong></span> <span class='ocrx_word' id='word_1_9' title='bbox 788 694 936 742; x_wconf 70' lang='lat' dir='ltr'><strong>melsun</strong></span> <span class='ocrx_word' id='word_1_10' title='bbox 956 693 1107 752; x_wconf 70' lang='lat' dir='ltr'><strong>utuntur,</strong></span> <span class='ocrx_word' id='word_1_11' title='bbox 1132 695 1202 740; x_wconf 82' lang='lat' dir='ltr'><strong>ETC.</strong></span> 
     </span>
    </p>
   </div>
   <div class='ocr_carea' id='block_1_3' title="bbox 253 848 1429 3225">
    <p class='ocr_par' dir='ltr' id='par_1_3' title="bbox 330 848 1371 1016">
     <span class='ocr_line' id='line_1_3' title="bbox 368 848 1371 921; baseline -0.002 -10"><span class='ocrx_word' id='word_1_12' title='bbox 368 855 510 912; x_wconf 75' lang='lat' dir='ltr'><em>Kalendis</em></span> <span class='ocrx_word' id='word_1_13' title='bbox 519 853 633 908; x_wconf 75' lang='lat' dir='ltr'><strong>martiis.</strong></span> <span class='ocrx_word' id='word_1_14' title='bbox 647 851 757 921; x_wconf 83' lang='lat' dir='ltr'>Quibus</span> <span class='ocrx_word' id='word_1_15' title='bbox 774 848 953 906; x_wconf 80' lang='lat' dir='ltr'><strong>Matronnlio</strong></span> <span class='ocrx_word' id='word_1_16' title='bbox 965 867 1016 906; x_wconf 84' lang='lat' dir='ltr'><strong>seu</strong></span> <span class='ocrx_word' id='word_1_17' title='bbox 1031 860 1219 906; x_wconf 80' lang='lat' dir='ltr'><strong>mannnannn</strong></span> <span class='ocrx_word' id='word_1_18' title='bbox 1231 849 1301 908; x_wconf 74' lang='lat' dir='ltr'><strong>fosta</strong></span> <span class='ocrx_word' id='word_1_19' title='bbox 1314 871 1371 908; x_wconf 86' lang='lat' dir='ltr'><strong>ce-</strong></span> 
     </span>
     <span class='ocr_line' id='line_1_4' title="bbox 330 939 1150 1016; baseline -0.013 -12"><span class='ocrx_word' id='word_1_20' title='bbox 330 947 523 1014; x_wconf 81' lang='lat' dir='ltr'><strong>lebrabantur,</strong></span> <span class='ocrx_word' id='word_1_21' title='bbox 538 962 574 1000; x_wconf 82' lang='lat' dir='ltr'><strong>cx</strong></span> <span class='ocrx_word' id='word_1_22' title='bbox 591 944 688 1011; x_wconf 80' lang='lat' dir='ltr'><strong>Festo,</strong></span> <span class='ocrx_word' id='word_1_23' title='bbox 703 941 865 1016; x_wconf 78' lang='lat' dir='ltr'>Propertio,</span> <span class='ocrx_word' id='word_1_24' title='bbox 881 939 987 996; x_wconf 71' lang='lat' dir='ltr'><strong>Ouidio</strong></span> <span class='ocrx_word' id='word_1_25' title='bbox 1000 949 1027 995; x_wconf 83' lang='lat' dir='ltr'><strong>ct</strong></span> <span class='ocrx_word' id='word_1_26' title='bbox 1042 940 1150 996; x_wconf 82' lang='lat' dir='ltr'><strong>Servio.</strong></span> 
     </span>
    </p>

    <p class='ocr_par' dir='ltr' id='par_1_4' title="bbox 328 1029 1372 1383">
     <span class='ocr_line' id='line_1_5' title="bbox 371 1029 1372 1104; baseline -0.005 -9"><span class='ocrx_word' id='word_1_27' title='bbox 371 1039 484 1096; x_wconf 84' lang='lat' dir='ltr'><strong>Gallioe.</strong></span> <span class='ocrx_word' id='word_1_28' title='bbox 502 1035 621 1104; x_wconf 70' lang='lat' dir='ltr'><strong>Gallie,</strong></span> <span class='ocrx_word' id='word_1_29' title='bbox 632 1052 691 1089; x_wconf 92' lang='lat' dir='ltr'><strong>non</strong></span> <span class='ocrx_word' id='word_1_30' title='bbox 707 1031 815 1088; x_wconf 80' lang='lat' dir='ltr'><strong>Galliis.</strong></span> <span class='ocrx_word' id='word_1_31' title='bbox 827 1029 877 1088; x_wconf 87' lang='lat' dir='ltr'><strong>Uti</strong></span> <span class='ocrx_word' id='word_1_32' title='bbox 890 1031 966 1088; x_wconf 84' lang='lat' dir='ltr'><strong>enim</strong></span> <span class='ocrx_word' id='word_1_33' title='bbox 977 1042 1087 1087; x_wconf 83' lang='lat' dir='ltr'><strong>constat</strong></span> <span class='ocrx_word' id='word_1_34' title='bbox 1102 1051 1138 1088; x_wconf 84' lang='lat' dir='ltr'><strong>ex</strong></span> <span class='ocrx_word' id='word_1_35' title='bbox 1149 1031 1292 1090; x_wconf 82' lang='lat' dir='ltr'>Ciceronis</span> <span class='ocrx_word' id='word_1_36' title='bbox 1301 1054 1372 1091; x_wconf 83' lang='lat' dir='ltr'><strong>orn·</strong></span> 
     </span>
     <span class='ocr_line' id='line_1_6' title="bbox 329 1122 1372 1205; baseline -0.003 -19"><span class='ocrx_word' id='word_1_37' title='bbox 329 1132 406 1186; x_wconf 85' lang='lat' dir='ltr'><strong>tione</strong></span> <span class='ocrx_word' id='word_1_38' title='bbox 416 1148 473 1205; x_wconf 84' lang='lat' dir='ltr'><strong>pm</strong></span> <span class='ocrx_word' id='word_1_39' title='bbox 487 1128 620 1194; x_wconf 80' lang='lat' dir='ltr'><strong>Murena,</strong></span> <span class='ocrx_word' id='word_1_40' title='bbox 635 1142 687 1194; x_wconf 83' lang='lat' dir='ltr'><strong>xx,</strong></span> <span class='ocrx_word' id='word_1_41' title='bbox 706 1124 845 1198; x_wconf 73' lang='lat' dir='ltr'><strong>obtigerat</strong></span> <span class='ocrx_word' id='word_1_42' title='bbox 857 1123 900 1178; x_wconf 91' lang='lat' dir='ltr'><strong>illi</strong></span> <span class='ocrx_word' id='word_1_43' title='bbox 914 1122 1006 1179; x_wconf 81' lang='lat' dir='ltr'><strong>Gallia</strong></span> <span class='ocrx_word' id='word_1_44' title='bbox 1018 1124 1170 1197; x_wconf 86' lang='lat' dir='ltr'><strong>Cisalpina,</strong></span> <span class='ocrx_word' id='word_1_45' title='bbox 1182 1127 1372 1201; x_wconf 84' lang='lat' dir='ltr'><strong>Transalpina</strong></span> 
     </span>
     <span class='ocr_line' id='line_1_7' title="bbox 328 1203 1372 1291; baseline -0.004 -13"><span class='ocrx_word' id='word_1_46' title='bbox 328 1225 461 1278; x_wconf 80' lang='lat' dir='ltr'><strong>Murena.</strong></span> <span class='ocrx_word' id='word_1_47' title='bbox 482 1217 585 1276; x_wconf 85' lang='lat' dir='ltr'><strong>Incidit</strong></span> <span class='ocrx_word' id='word_1_48' title='bbox 608 1203 702 1273; x_wconf 64' lang='lat' dir='ltr'><strong>cutim</strong></span> <span class='ocrx_word' id='word_1_49' title='bbox 720 1215 751 1270; x_wconf 90' lang='lat' dir='ltr'><strong>in</strong></span> <span class='ocrx_word' id='word_1_50' title='bbox 772 1233 848 1272; x_wconf 82' lang='lat' dir='ltr'><strong>anno</strong></span> <span class='ocrx_word' id='word_1_51' title='bbox 872 1215 950 1270; x_wconf 88' lang='lat' dir='ltr'><strong>urbis</strong></span> <span class='ocrx_word' id='word_1_52' title='bbox 969 1215 1041 1290; x_wconf 85' lang='lat'><strong>690,</strong></span> <span class='ocrx_word' id='word_1_53' title='bbox 1063 1217 1129 1289; x_wconf 87' lang='lat' dir='ltr'><strong>quin</strong></span> <span class='ocrx_word' id='word_1_54' title='bbox 1148 1227 1253 1291; x_wconf 83' lang='lat' dir='ltr'><strong>praetor</strong></span> <span class='ocrx_word' id='word_1_55' title='bbox 1276 1219 1372 1274; x_wconf 82' lang='lat' dir='ltr'><strong>fuerat</strong></span> 
     </span>
     <span class='ocr_line' id='line_1_8' title="bbox 330 1306 1369 1383; baseline -0.003 -13"><span class='ocrx_word' id='word_1_56' title='bbox 330 1315 467 1370; x_wconf 84' lang='lat' dir='ltr'><strong>Cicerone</strong></span> <span class='ocrx_word' id='word_1_57' title='bbox 479 1311 609 1379; x_wconf 87' lang='lat' dir='ltr'><strong>consule,</strong></span> <span class='ocrx_word' id='word_1_58' title='bbox 619 1327 695 1365; x_wconf 87' lang='lat' dir='ltr'><strong>anno</strong></span> <span class='ocrx_word' id='word_1_59' title='bbox 705 1306 771 1382; x_wconf 83' lang='lat'><strong>689.</strong></span> <span class='ocrx_word' id='word_1_60' title='bbox 781 1307 886 1364; x_wconf 91' lang='lat' dir='ltr'><strong>Consul</strong></span> <span class='ocrx_word' id='word_1_61' title='bbox 894 1306 983 1362; x_wconf 78' lang='lat' dir='ltr'><strong>factm</strong></span> <span class='ocrx_word' id='word_1_62' title='bbox 993 1317 1033 1362; x_wconf 84' lang='lat' dir='ltr'><strong>est</strong></span> <span class='ocrx_word' id='word_1_63' title='bbox 1042 1326 1120 1364; x_wconf 81' lang='lat' dir='ltr'><strong>anno</strong></span> <span class='ocrx_word' id='word_1_64' title='bbox 1129 1307 1195 1383; x_wconf 89' lang='lat'><strong>691.</strong></span> <span class='ocrx_word' id='word_1_65' title='bbox 1205 1311 1369 1367; x_wconf 81' lang='lat' dir='ltr'><strong>Tuscnncn.</strong></span> 
     </span>
    </p>

    <p class='ocr_par' dir='ltr' id='par_1_5' title="bbox 253 1397 1429 2288">
     <span class='ocr_line' id='line_1_9' title="bbox 369 1397 1371 1475; baseline -0.005 -12"><span class='ocrx_word' id='word_1_66' title='bbox 369 1407 508 1462; x_wconf 71' lang='lat' dir='ltr'><strong>Boiorum</strong></span> <span class='ocrx_word' id='word_1_67' title='bbox 525 1404 560 1457; x_wconf 92' lang='lat' dir='ltr'><strong>In</strong></span> <span class='ocrx_word' id='word_1_68' title='bbox 571 1418 673 1475; x_wconf 82' lang='lat' dir='ltr'><strong>magna</strong></span> <span class='ocrx_word' id='word_1_69' title='bbox 692 1398 822 1456; x_wconf 88' lang='lat' dir='ltr'><strong>codicum</strong></span> <span class='ocrx_word' id='word_1_70' title='bbox 840 1397 1030 1454; x_wconf 82' lang='lat' dir='ltr'><strong>inconstantia</strong></span> <span class='ocrx_word' id='word_1_71' title='bbox 1041 1409 1070 1455; x_wconf 82' lang='lat' dir='ltr'><strong>ct</strong></span> <span class='ocrx_word' id='word_1_72' title='bbox 1088 1398 1249 1456; x_wconf 84' lang='lat' dir='ltr'><strong>diversitate</strong></span> <span class='ocrx_word' id='word_1_73' title='bbox 1261 1401 1301 1457; x_wconf 89' lang='lat' dir='ltr'><strong>ita</strong></span> <span class='ocrx_word' id='word_1_74' title='bbox 1317 1421 1371 1458; x_wconf 87' lang='lat' dir='ltr'><strong>re-</strong></span> 
     </span>
     <span class='ocr_line' id='line_1_10' title="bbox 329 1489 1371 1574; baseline -0.006 -20"><span class='ocrx_word' id='word_1_75' title='bbox 329 1498 424 1574; x_wconf 85' lang='lat' dir='ltr'><strong>posuit</strong></span> <span class='ocrx_word' id='word_1_76' title='bbox 441 1493 628 1552; x_wconf 83' lang='lat' dir='ltr'><strong>Tnscbuckius</strong></span> <span class='ocrx_word' id='word_1_77' title='bbox 644 1509 697 1567; x_wconf 93' lang='lat' dir='ltr'><strong>pro</strong></span> <span class='ocrx_word' id='word_1_78' title='bbox 715 1492 871 1556; x_wconf 71' lang='lat' dir='ltr'><strong>nanum,</strong></span> <span class='ocrx_word' id='word_1_79' title='bbox 885 1489 917 1544; x_wconf 85' lang='lat' dir='ltr'><strong>id</strong></span> <span class='ocrx_word' id='word_1_80' title='bbox 934 1498 975 1544; x_wconf 84' lang='lat' dir='ltr'><strong>cst</strong></span> <span class='ocrx_word' id='word_1_81' title='bbox 992 1491 1169 1545; x_wconf 78' lang='lat' dir='ltr'><strong>Batavorum.</strong></span> <span class='ocrx_word' id='word_1_82' title='bbox 1189 1492 1309 1562; x_wconf 81' lang='lat' dir='ltr'><strong>Plinius,</strong></span> <span class='ocrx_word' id='word_1_83' title='bbox 1326 1513 1371 1562; x_wconf 87' lang='lat'><strong>11,</strong></span> 
     </span>
     <span class='ocr_line' id='line_1_11' title="bbox 331 1579 1370 1659; baseline -0.013 -14"><span class='ocrx_word' id='word_1_84' title='bbox 331 1589 382 1659; x_wconf 84' lang='lat'><strong>67,</strong></span> <span class='ocrx_word' id='word_1_85' title='bbox 393 1579 469 1642; x_wconf 82' lang='lat' dir='ltr'><strong>banc</strong></span> <span class='ocrx_word' id='word_1_86' title='bbox 482 1586 563 1641; x_wconf 70' lang='lat' dir='ltr'><strong>Mola</strong></span> <span class='ocrx_word' id='word_1_87' title='bbox 581 1584 625 1640; x_wconf 81' lang='lat' dir='ltr'><strong>vel</strong></span> <span class='ocrx_word' id='word_1_88' title='bbox 637 1581 755 1656; x_wconf 81' lang='lat' dir='ltr'><strong>Nepotis</strong></span> <span class='ocrx_word' id='word_1_89' title='bbox 770 1580 962 1638; x_wconf 76' lang='lat' dir='ltr'><strong>narrationem</strong></span> <span class='ocrx_word' id='word_1_90' title='bbox 973 1581 1089 1654; x_wconf 82' lang='lat' dir='ltr'><strong>repetit,</strong></span> <span class='ocrx_word' id='word_1_91' title='bbox 1107 1582 1248 1657; x_wconf 74' lang='lat' dir='ltr'><strong>habetque</strong></span> <span class='ocrx_word' id='word_1_92' title='bbox 1265 1584 1370 1640; x_wconf 69' lang='lat' dir='ltr'><strong>Suevo-</strong></span> 
     </span>
     <span class='ocr_line' id='line_1_12' title="bbox 330 1671 1429 1754; baseline -0.005 -18"><span class='ocrx_word' id='word_1_93' title='bbox 330 1700 402 1747; x_wconf 81' lang='lat' dir='ltr'><strong>mm,</strong></span> <span class='ocrx_word' id='word_1_94' title='bbox 418 1698 478 1754; x_wconf 78' lang='lat' dir='ltr'><strong>qun</strong></span> <span class='ocrx_word' id='word_1_95' title='bbox 489 1675 560 1732; x_wconf 88' lang='lat' dir='ltr'><strong>mihi</strong></span> <span class='ocrx_word' id='word_1_96' title='bbox 569 1675 680 1730; x_wconf 80' lang='lat' dir='ltr'><strong>videon</strong></span> <span class='ocrx_word' id='word_1_97' title='bbox 694 1673 802 1730; x_wconf 82' lang='lat' dir='ltr'><strong>sincera</strong></span> <span class='ocrx_word' id='word_1_98' title='bbox 810 1671 903 1729; x_wconf 86' lang='lat' dir='ltr'><strong>lectio.</strong></span> <span class='ocrx_word' id='word_1_99' title='bbox 916 1671 1045 1727; x_wconf 81' lang='lat' dir='ltr'><strong>Lectioni</strong></span> <span class='ocrx_word' id='word_1_100' title='bbox 1059 1674 1200 1728; x_wconf 81' lang='lat' dir='ltr'><strong>Boetorum</strong></span> <span class='ocrx_word' id='word_1_101' title='bbox 1212 1693 1260 1730; x_wconf 83' lang='lat' dir='ltr'><strong>scu</strong></span> <span class='ocrx_word' id='word_1_102' title='bbox 1272 1677 1371 1730; x_wconf 81' lang='lat' dir='ltr'><strong>Bata-</strong></span> <span class='ocrx_word' id='word_1_103' title='bbox 1427 1733 1429 1738; x_wconf 64' lang='grc'><strong>,</strong></span> 
     </span>
     <span class='ocr_line' id='line_1_13' title="bbox 331 1765 1370 1843; baseline -0.004 -15"><span class='ocrx_word' id='word_1_104' title='bbox 331 1791 423 1828; x_wconf 72' lang='lat' dir='ltr'><strong>vorum</strong></span> <span class='ocrx_word' id='word_1_105' title='bbox 438 1772 531 1826; x_wconf 83' lang='lat' dir='ltr'><strong>obstat</strong></span> <span class='ocrx_word' id='word_1_106' title='bbox 546 1768 624 1843; x_wconf 85' lang='lat' dir='ltr'><strong>quod</strong></span> <span class='ocrx_word' id='word_1_107' title='bbox 636 1785 721 1822; x_wconf 81' lang='lat' dir='ltr'><strong>nemo</strong></span> <span class='ocrx_word' id='word_1_108' title='bbox 733 1776 860 1822; x_wconf 82' lang='lat' dir='ltr'><strong>veterum</strong></span> <span class='ocrx_word' id='word_1_109' title='bbox 878 1765 930 1820; x_wconf 93' lang='lat' dir='ltr'><strong>illo</strong></span> <span class='ocrx_word' id='word_1_110' title='bbox 949 1775 1077 1838; x_wconf 85' lang='lat' dir='ltr'><strong>ternpore</strong></span> <span class='ocrx_word' id='word_1_111' title='bbox 1093 1783 1189 1840; x_wconf 83' lang='lat' dir='ltr'><strong>regem</strong></span> <span class='ocrx_word' id='word_1_112' title='bbox 1204 1767 1239 1822; x_wconf 87' lang='lat' dir='ltr'><strong>iis</strong></span> <span class='ocrx_word' id='word_1_113' title='bbox 1257 1768 1370 1839; x_wconf 85' lang='lat' dir='ltr'><strong>tribuit,</strong></span> 
     </span>
     <span class='ocr_line' id='line_1_14' title="bbox 333 1856 1371 1933; baseline -0.005 -12"><span class='ocrx_word' id='word_1_114' title='bbox 333 1863 448 1921; x_wconf 87' lang='lat' dir='ltr'><strong>lectioni</strong></span> <span class='ocrx_word' id='word_1_115' title='bbox 460 1862 603 1928; x_wconf 82' lang='lat' dir='ltr'><strong>Boionnn,</strong></span> <span class='ocrx_word' id='word_1_116' title='bbox 614 1858 692 1933; x_wconf 84' lang='lat' dir='ltr'><strong>quod</strong></span> <span class='ocrx_word' id='word_1_117' title='bbox 703 1857 902 1913; x_wconf 80' lang='lat' dir='ltr'><strong>mediterranei</strong></span> <span class='ocrx_word' id='word_1_118' title='bbox 914 1856 1034 1932; x_wconf 70' lang='lat' dir='ltr'><strong>fuorunt.</strong></span> <span class='ocrx_word' id='word_1_119' title='bbox 1047 1857 1153 1913; x_wconf 87' lang='lat' dir='ltr'><strong>Plinius</strong></span> <span class='ocrx_word' id='word_1_120' title='bbox 1165 1859 1252 1932; x_wconf 77' lang='lat' dir='ltr'><strong>igitur</strong></span> <span class='ocrx_word' id='word_1_121' title='bbox 1262 1863 1371 1916; x_wconf 81' lang='lat' dir='ltr'><strong>Melam</strong></span> 
     </span>
     <span class='ocr_line' id='line_1_15' title="bbox 336 1948 1371 2018; baseline -0.003 -7"><span class='ocrx_word' id='word_1_122' title='bbox 336 1955 474 2012; x_wconf 76' lang='lat' dir='ltr'><strong>emendat.</strong></span> <span class='ocrx_word' id='word_1_123' title='bbox 493 1953 539 2009; x_wconf 87' lang='lat' dir='ltr'><strong>Sic</strong></span> <span class='ocrx_word' id='word_1_124' title='bbox 560 1951 634 2008; x_wconf 79' lang='lat' dir='ltr'><strong>inira</strong></span> <span class='ocrx_word' id='word_1_125' title='bbox 655 1967 761 2006; x_wconf 82' lang='lat' dir='ltr'><strong>nomen</strong></span> <span class='ocrx_word' id='word_1_126' title='bbox 781 1949 950 2018; x_wconf 84' lang='lat' dir='ltr'><strong>Lutburnm,</strong></span> <span class='ocrx_word' id='word_1_127' title='bbox 969 1948 1001 2002; x_wconf 91' lang='lat' dir='ltr'><strong>iu</strong></span> <span class='ocrx_word' id='word_1_128' title='bbox 1022 1948 1153 2004; x_wconf 88' lang='lat' dir='ltr'><strong>omnibus</strong></span> <span class='ocrx_word' id='word_1_129' title='bbox 1169 1951 1250 2006; x_wconf 82' lang='lat' dir='ltr'><strong>Melae</strong></span> <span class='ocrx_word' id='word_1_130' title='bbox 1266 1970 1371 2008; x_wconf 85' lang='lat' dir='ltr'><strong>manu-</strong></span> 
     </span>
     <span class='ocr_line' id='line_1_16' title="bbox 331 2039 1371 2120; baseline -0.001 -18"><span class='ocrx_word' id='word_1_131' title='bbox 331 2047 441 2120; x_wconf 85' lang='lat' dir='ltr'><strong>scriptis</strong></span> <span class='ocrx_word' id='word_1_132' title='bbox 459 2045 536 2114; x_wconf 82' lang='lat' dir='ltr'><strong>rarie</strong></span> <span class='ocrx_word' id='word_1_133' title='bbox 554 2043 754 2112; x_wconf 75' lang='lat' dir='ltr'><strong>deformatum,</strong></span> <span class='ocrx_word' id='word_1_134' title='bbox 773 2039 917 2096; x_wconf 84' lang='lat' dir='ltr'><strong>vindicant</strong></span> <span class='ocrx_word' id='word_1_135' title='bbox 940 2051 1039 2096; x_wconf 89' lang='lat' dir='ltr'><strong>nostro</strong></span> <span class='ocrx_word' id='word_1_136' title='bbox 1064 2039 1186 2110; x_wconf 87' lang='lat' dir='ltr'><strong>Plinius,</strong></span> <span class='ocrx_word' id='word_1_137' title='bbox 1207 2062 1247 2113; x_wconf 87' lang='lat'><strong>11,</strong></span> <span class='ocrx_word' id='word_1_138' title='bbox 1270 2041 1323 2113; x_wconf 87' lang='lat'><strong>67,</strong></span> <span class='ocrx_word' id='word_1_139' title='bbox 1340 2057 1371 2101; x_wconf 84' lang='lat' dir='ltr'><strong>et</strong></span> 
     </span>
     <span class='ocr_line' id='line_1_17' title="bbox 253 2131 1369 2209; baseline -0.004 -13"><span class='ocrx_word' id='word_1_140' title='bbox 253 2171 262 2196; x_wconf 80' lang='lat' dir='ltr'><strong>t</strong></span> <span class='ocrx_word' id='word_1_141' title='bbox 331 2139 448 2209; x_wconf 77' lang='lat' dir='ltr'><strong>Strabo,</strong></span> <span class='ocrx_word' id='word_1_142' title='bbox 465 2155 539 2193; x_wconf 81' lang='lat' dir='ltr'><strong>xvrr.</strong></span> <span class='ocrx_word' id='word_1_143' title='bbox 553 2135 634 2193; x_wconf 77' lang='lat' dir='ltr'>Adde</span> <span class='ocrx_word' id='word_1_144' title='bbox 652 2133 731 2207; x_wconf 85' lang='lat' dir='ltr'><strong>quod</strong></span> <span class='ocrx_word' id='word_1_145' title='bbox 747 2134 889 2188; x_wconf 74' lang='lat' dir='ltr'><strong>Boetom</strong></span> <span class='ocrx_word' id='word_1_146' title='bbox 904 2142 933 2187; x_wconf 82' lang='lat' dir='ltr'><strong>ct</strong></span> <span class='ocrx_word' id='word_1_147' title='bbox 952 2132 1100 2190; x_wconf 73' lang='lat' dir='ltr'><strong>saevom</strong></span> <span class='ocrx_word' id='word_1_148' title='bbox 1117 2131 1193 2190; x_wconf 85' lang='lat' dir='ltr'><strong>idem</strong></span> <span class='ocrx_word' id='word_1_149' title='bbox 1205 2134 1245 2190; x_wconf 83' lang='lat' dir='ltr'><strong>sit</strong></span> <span class='ocrx_word' id='word_1_150' title='bbox 1258 2135 1369 2192; x_wconf 88' lang='lat' dir='ltr'><strong>littera-</strong></span> 
     </span>
     <span class='ocr_line' id='line_1_18' title="bbox 333 2247 743 2288; baseline -0.01 0"><span class='ocrx_word' id='word_1_151' title='bbox 333 2249 396 2288; x_wconf 90' lang='lat' dir='ltr'><strong>rum</strong></span> <span class='ocrx_word' id='word_1_152' title='bbox 411 2247 551 2286; x_wconf 82' lang='lat' dir='ltr'><strong>numerus.</strong></span> <span class='ocrx_word' id='word_1_153' title='bbox 737 2265 743 2284; x_wconf 80' lang='grc'><strong>.</strong></span> 
     </span>
    </p>

    <p class='ocr_par' dir='ltr' id='par_1_6' title="bbox 370 2317 904 2378">
     <span class='ocr_line' id='line_1_19' title="bbox 370 2317 904 2378; baseline -0.011 0"><span class='ocrx_word' id='word_1_154' title='bbox 370 2322 534 2378; x_wconf 71' lang='lat' dir='ltr'><strong>Latium.</strong></span> <span class='ocrx_word' id='word_1_155' title='bbox 547 2320 728 2375; x_wconf 68' lang='lat' dir='ltr'><strong>Ptolemaeum</strong></span> <span class='ocrx_word' id='word_1_156' title='bbox 740 2317 904 2372; x_wconf 89' lang='lat' dir='ltr'><strong>Latburum.</strong></span> 
     </span>
    </p>

    <p class='ocr_par' dir='ltr' id='par_1_7' title="bbox 331 2407 1368 2763">
     <span class='ocr_line' id='line_1_20' title="bbox 372 2407 1366 2484; baseline -0.004 -14"><span class='ocrx_word' id='word_1_157' title='bbox 372 2413 487 2470; x_wconf 70' lang='lat' dir='ltr'><strong>Comen.</strong></span> <span class='ocrx_word' id='word_1_158' title='bbox 496 2409 632 2468; x_wconf 85' lang='lat' dir='ltr'><strong>Nonnulli</strong></span> <span class='ocrx_word' id='word_1_159' title='bbox 645 2409 810 2475; x_wconf 65' lang='lat' dir='ltr'><strong>Monetam,</strong></span> <span class='ocrx_word' id='word_1_160' title='bbox 820 2408 868 2466; x_wconf 81' lang='lat' dir='ltr'><strong>alii</strong></span> <span class='ocrx_word' id='word_1_161' title='bbox 884 2408 1043 2464; x_wconf 74' lang='lat' dir='ltr'><strong>Gratiarum</strong></span> <span class='ocrx_word' id='word_1_162' title='bbox 1054 2407 1174 2466; x_wconf 87' lang='lat' dir='ltr'><strong>insulam</strong></span> <span class='ocrx_word' id='word_1_163' title='bbox 1187 2426 1246 2465; x_wconf 75' lang='lat' dir='ltr'><strong>csse</strong></span> <span class='ocrx_word' id='word_1_164' title='bbox 1258 2419 1366 2484; x_wconf 85' lang='lat' dir='ltr'><strong>putant.</strong></span> 
     </span>
     <span class='ocr_line' id='line_1_21' title="bbox 331 2499 1368 2581; baseline -0.003 -19"><span class='ocrx_word' id='word_1_165' title='bbox 331 2507 392 2581; x_wconf 80' lang='lat' dir='ltr'><strong>Ego</strong></span> <span class='ocrx_word' id='word_1_166' title='bbox 410 2523 479 2562; x_wconf 84' lang='lat' dir='ltr'><strong>vero</strong></span> <span class='ocrx_word' id='word_1_167' title='bbox 496 2522 556 2560; x_wconf 92' lang='lat' dir='ltr'><strong>non</strong></span> <span class='ocrx_word' id='word_1_168' title='bbox 576 2501 677 2558; x_wconf 89' lang='lat' dir='ltr'><strong>dubito</strong></span> <span class='ocrx_word' id='word_1_169' title='bbox 695 2519 730 2556; x_wconf 84' lang='lat' dir='ltr'><strong>ex</strong></span> <span class='ocrx_word' id='word_1_170' title='bbox 751 2500 907 2572; x_wconf 82' lang='lat' dir='ltr'><strong>d&#39;Anville,</strong></span> <span class='ocrx_word' id='word_1_171' title='bbox 926 2499 1103 2578; x_wconf 75' lang='lat' dir='ltr'><strong>geographica</strong></span> <span class='ocrx_word' id='word_1_172' title='bbox 1122 2500 1223 2556; x_wconf 85' lang='lat' dir='ltr'><strong>veteris</strong></span> <span class='ocrx_word' id='word_1_173' title='bbox 1240 2505 1368 2572; x_wconf 75' lang='lat' dir='ltr'><strong>orando,</strong></span> 
     </span>
     <span class='ocr_line' id='line_1_22' title="bbox 331 2591 1368 2671; baseline 0 -19"><span class='ocrx_word' id='word_1_174' title='bbox 331 2597 399 2671; x_wconf 91' lang='lat' dir='ltr'><strong>quin</strong></span> <span class='ocrx_word' id='word_1_175' title='bbox 416 2598 474 2652; x_wconf 84' lang='lat' dir='ltr'><strong>haec</strong></span> <span class='ocrx_word' id='word_1_176' title='bbox 498 2595 589 2651; x_wconf 89' lang='lat' dir='ltr'><strong>insula</strong></span> <span class='ocrx_word' id='word_1_177' title='bbox 610 2595 699 2651; x_wconf 82' lang='lat' dir='ltr'><strong>Ccmc</strong></span> <span class='ocrx_word' id='word_1_178' title='bbox 717 2591 753 2648; x_wconf 90' lang='lat' dir='ltr'><strong>sit</strong></span> <span class='ocrx_word' id='word_1_179' title='bbox 772 2609 806 2646; x_wconf 84' lang='lat' dir='ltr'><strong>ea</strong></span> <span class='ocrx_word' id='word_1_180' title='bbox 824 2611 910 2667; x_wconf 82' lang='lat' dir='ltr'><strong>qnam</strong></span> <span class='ocrx_word' id='word_1_181' title='bbox 931 2592 1027 2650; x_wconf 84' lang='lat' dir='ltr'><strong>Mauri</strong></span> <span class='ocrx_word' id='word_1_182' title='bbox 1047 2592 1119 2648; x_wconf 79' lang='lat' dir='ltr'><strong>Girir</strong></span> <span class='ocrx_word' id='word_1_183' title='bbox 1134 2604 1247 2664; x_wconf 83' lang='lat' dir='ltr'><strong>vocant,</strong></span> <span class='ocrx_word' id='word_1_184' title='bbox 1261 2613 1368 2670; x_wconf 83' lang='lat' dir='ltr'><strong>nosque</strong></span> 
     </span>
     <span class='ocr_line' id='line_1_23' title="bbox 332 2688 820 2763; baseline 0.006 -23"><span class='ocrx_word' id='word_1_185' title='bbox 332 2688 389 2744; x_wconf 74' lang='lat' dir='ltr'><strong>rae</strong></span> <span class='ocrx_word' id='word_1_186' title='bbox 400 2688 545 2763; x_wconf 54' lang='lat' dir='ltr'><strong>curnam.</strong></span> <span class='ocrx_word' id='word_1_187' title='bbox 816 2739 820 2752; x_wconf 78' lang='grc'><strong><em>,</em></strong></span> 
     </span>
    </p>

    <p class='ocr_par' dir='ltr' id='par_1_8' title="bbox 373 2776 1233 2851">
     <span class='ocr_line' id='line_1_24' title="bbox 373 2776 1233 2851; baseline -0.007 -14"><span class='ocrx_word' id='word_1_188' title='bbox 373 2782 497 2837; x_wconf 80' lang='lat' dir='ltr'><strong>Sudines.</strong></span> <span class='ocrx_word' id='word_1_189' title='bbox 513 2779 600 2836; x_wconf 81' lang='lat' dir='ltr'><strong>Vetus</strong></span> <span class='ocrx_word' id='word_1_190' title='bbox 615 2777 735 2851; x_wconf 77' lang='lat' dir='ltr'><strong>scriptor</strong></span> <span class='ocrx_word' id='word_1_191' title='bbox 749 2795 833 2850; x_wconf 87' lang='lat' dir='ltr'><strong>quem</strong></span> <span class='ocrx_word' id='word_1_192' title='bbox 849 2776 952 2850; x_wconf 85' lang='lat' dir='ltr'><strong>passim</strong></span> <span class='ocrx_word' id='word_1_193' title='bbox 964 2787 1102 2832; x_wconf 80' lang='lat' dir='ltr'><strong>memorat</strong></span> <span class='ocrx_word' id='word_1_194' title='bbox 1118 2777 1233 2832; x_wconf 89' lang='lat' dir='ltr'><strong>Plinius.</strong></span> 
     </span>
    </p>

    <p class='ocr_par' dir='ltr' id='par_1_9' title="bbox 333 2868 1367 3037">
     <span class='ocr_line' id='line_1_25' title="bbox 372 2868 1367 2942; baseline -0.003 -13"><span class='ocrx_word' id='word_1_195' title='bbox 372 2872 535 2929; x_wconf 77' lang='lat' dir='ltr'><strong>Gemania.</strong></span> <span class='ocrx_word' id='word_1_196' title='bbox 551 2873 608 2926; x_wconf 90' lang='lat' dir='ltr'><strong>Pro</strong></span> <span class='ocrx_word' id='word_1_197' title='bbox 623 2870 775 2925; x_wconf 73' lang='lat' dir='ltr'><strong>Gerrunio</strong></span> <span class='ocrx_word' id='word_1_198' title='bbox 787 2868 836 2926; x_wconf 88' lang='lat' dir='ltr'><strong>alii</strong></span> <span class='ocrx_word' id='word_1_199' title='bbox 848 2868 999 2924; x_wconf 73' lang='lat' dir='ltr'><strong>Communis</strong></span> <span class='ocrx_word' id='word_1_200' title='bbox 1015 2869 1126 2942; x_wconf 82' lang='lat' dir='ltr'><strong>legunt,</strong></span> <span class='ocrx_word' id='word_1_201' title='bbox 1139 2879 1167 2924; x_wconf 85' lang='lat' dir='ltr'><strong>ct</strong></span> <span class='ocrx_word' id='word_1_202' title='bbox 1179 2871 1253 2925; x_wconf 84' lang='lat' dir='ltr'><strong>banc</strong></span> <span class='ocrx_word' id='word_1_203' title='bbox 1265 2869 1367 2926; x_wconf 83' lang='lat' dir='ltr'><strong>lectio-</strong></span> 
     </span>
     <span class='ocr_line' id='line_1_26' title="bbox 333 2961 746 3037; baseline -0.01 -18"><span class='ocrx_word' id='word_1_204' title='bbox 333 2981 399 3019; x_wconf 85' lang='lat' dir='ltr'><strong>nem</strong></span> <span class='ocrx_word' id='word_1_205' title='bbox 413 2981 467 3037; x_wconf 80' lang='lat' dir='ltr'><strong>ego</strong></span> <span class='ocrx_word' id='word_1_206' title='bbox 483 2975 595 3036; x_wconf 75' lang='lat' dir='ltr'><strong>quoque</strong></span> <span class='ocrx_word' id='word_1_207' title='bbox 611 2961 746 3016; x_wconf 79' lang='lat' dir='ltr'><strong>antefero.</strong></span> 
     </span>
    </p>

    <p class='ocr_par' dir='ltr' id='par_1_10' title="bbox 333 3042 1368 3225">
     <span class='ocr_line' id='line_1_27' title="bbox 371 3042 1368 3136; baseline 0.002 -27"><span class='ocrx_word' id='word_1_208' title='bbox 371 3057 453 3129; x_wconf 83' lang='lat' dir='ltr'><strong>Lupo</strong></span> <span class='ocrx_word' id='word_1_209' title='bbox 478 3064 506 3109; x_wconf 80' lang='lat' dir='ltr'><strong>et</strong></span> <span class='ocrx_word' id='word_1_210' title='bbox 528 3042 632 3108; x_wconf 69' lang='lat' dir='ltr'><strong>crelin.</strong></span> <span class='ocrx_word' id='word_1_211' title='bbox 650 3053 748 3136; x_wconf 73' lang='lat' dir='ltr'><strong>Lupus</strong></span> <span class='ocrx_word' id='word_1_212' title='bbox 770 3053 817 3109; x_wconf 88' lang='lat' dir='ltr'><strong>bic</strong></span> <span class='ocrx_word' id='word_1_213' title='bbox 844 3055 999 3129; x_wconf 76' lang='lat' dir='ltr'><strong>nsellnsquc</strong></span> <span class='ocrx_word' id='word_1_214' title='bbox 1021 3051 1137 3109; x_wconf 77' lang='lat' dir='ltr'><strong>nominc</strong></span> <span class='ocrx_word' id='word_1_215' title='bbox 1162 3063 1227 3108; x_wconf 73' lang='lat' dir='ltr'><strong>sumt</strong></span> <span class='ocrx_word' id='word_1_216' title='bbox 1251 3054 1368 3128; x_wconf 85' lang='lat' dir='ltr'><strong>piscimu</strong></span> 
     </span>
     <span class='ocr_line' id='line_1_28' title="bbox 333 3144 821 3225; baseline -0.012 -19"><span class='ocrx_word' id='word_1_217' title='bbox 333 3167 403 3224; x_wconf 81' lang='lat' dir='ltr'><strong>quos</strong></span> <span class='ocrx_word' id='word_1_218' title='bbox 418 3146 502 3204; x_wconf 82' lang='lat' dir='ltr'><strong>valde</strong></span> <span class='ocrx_word' id='word_1_219' title='bbox 519 3144 669 3202; x_wconf 81' lang='lat' dir='ltr'><strong>laudarunt</strong></span> <span class='ocrx_word' id='word_1_220' title='bbox 683 3145 821 3225; x_wconf 80' lang='lat' dir='ltr'><strong>Romani.</strong></span> 
     </span>
    </p>
   </div>
   <div class='ocr_carea' id='block_1_4' title="bbox 424 3317 1278 3394">
    <p class='ocr_par' dir='ltr' id='par_1_11' title="bbox 424 3317 1278 3394">
     <span class='ocr_line' id='line_1_29' title="bbox 424 3317 1278 3394; baseline -0.009 -26"><span class='ocrx_word' id='word_1_221' title='bbox 424 3321 460 3368; x_wconf 74' lang='grc' dir='ltr'><strong>ΙΝ</strong></span> <span class='ocrx_word' id='word_1_222' title='bbox 478 3318 671 3366; x_wconf 71' lang='lat' dir='ltr'><strong>urtsuoutrr</strong></span> <span class='ocrx_word' id='word_1_223' title='bbox 691 3317 868 3394; x_wconf 69' lang='lat' dir='ltr'><strong>cosmum</strong></span> <span class='ocrx_word' id='word_1_224' title='bbox 885 3317 1015 3363; x_wconf 76' lang='lat' dir='ltr'><strong>MlellS</strong></span> <span class='ocrx_word' id='word_1_225' title='bbox 1030 3317 1278 3364; x_wconf 76' lang='lat' dir='ltr'><strong>Gntccnoltuu.</strong></span> 
     </span>
    </p>
   </div>
   <div class='ocr_carea' id='block_1_5' title="bbox 331 3451 1373 4154">
    <p class='ocr_par' dir='ltr' id='par_1_12' title="bbox 331 3451 1369 3987">
     <span class='ocr_line' id='line_1_30' title="bbox 372 3451 1366 3526; baseline -0.002 -14"><span class='ocrx_word' id='word_1_226' title='bbox 372 3454 517 3512; x_wconf 72' lang='lat' dir='ltr'><strong>invocabit</strong></span> <span class='ocrx_word' id='word_1_227' title='bbox 529 3453 611 3508; x_wconf 84' lang='lat' dir='ltr'><strong>deum</strong></span> <span class='ocrx_word' id='word_1_228' title='bbox 617 3463 776 3526; x_wconf 67' lang='lat' dir='ltr'><strong>parentent</strong></span> <span class='ocrx_word' id='word_1_229' title='bbox 791 3451 850 3508; x_wconf 81' lang='lat' dir='ltr'><strong>Pro</strong></span> <span class='ocrx_word' id='word_1_230' title='bbox 860 3453 943 3506; x_wconf 59' lang='lat' dir='ltr'><strong>&amp;um</strong></span> <span class='ocrx_word' id='word_1_231' title='bbox 950 3461 1100 3526; x_wconf 75' lang='lat' dir='ltr'><strong>parantem</strong></span> <span class='ocrx_word' id='word_1_232' title='bbox 1112 3451 1182 3507; x_wconf 86' lang='lat' dir='ltr'><strong>mihi</strong></span> <span class='ocrx_word' id='word_1_233' title='bbox 1201 3452 1310 3509; x_wconf 82' lang='lat' dir='ltr'><strong>videtur</strong></span> <span class='ocrx_word' id='word_1_234' title='bbox 1322 3455 1366 3510; x_wconf 85' lang='lat' dir='ltr'><strong>le·</strong></span> 
     </span>
     <span class='ocr_line' id='line_1_31' title="bbox 332 3543 1366 3624; baseline -0.002 -20"><span class='ocrx_word' id='word_1_235' title='bbox 332 3547 455 3624; x_wconf 79' lang='lat' dir='ltr'><strong>gendum</strong></span> <span class='ocrx_word' id='word_1_236' title='bbox 466 3563 527 3603; x_wconf 77' lang='lat' dir='ltr'><strong>csso</strong></span> <span class='ocrx_word' id='word_1_237' title='bbox 539 3546 625 3600; x_wconf 80' lang='lat' dir='ltr'><strong>dcam</strong></span> <span class='ocrx_word' id='word_1_238' title='bbox 632 3556 793 3618; x_wconf 67' lang='lat' dir='ltr'><strong>parantem,</strong></span> <span class='ocrx_word' id='word_1_239' title='bbox 808 3543 887 3616; x_wconf 80' lang='lat' dir='ltr'><strong>qussi</strong></span> <span class='ocrx_word' id='word_1_240' title='bbox 896 3543 1025 3600; x_wconf 80' lang='lat' dir='ltr'><strong>Cornelia</strong></span> <span class='ocrx_word' id='word_1_241' title='bbox 1041 3544 1163 3602; x_wconf 74' lang='lat' dir='ltr'><strong>dirorum</strong></span> <span class='ocrx_word' id='word_1_242' title='bbox 1178 3547 1366 3602; x_wconf 84' lang='lat' dir='ltr'><strong>Gracchorum</strong></span> 
     </span>
     <span class='ocr_line' id='line_1_32' title="bbox 332 3635 1367 3710; baseline -0.003 -13"><span class='ocrx_word' id='word_1_243' title='bbox 332 3651 438 3708; x_wconf 76' lang='lat' dir='ltr'><strong>mater,</strong></span> <span class='ocrx_word' id='word_1_244' title='bbox 451 3649 483 3694; x_wconf 88' lang='lat' dir='ltr'><strong>ut</strong></span> <span class='ocrx_word' id='word_1_245' title='bbox 500 3635 591 3693; x_wconf 80' lang='lat' dir='ltr'><strong>Mater</strong></span> <span class='ocrx_word' id='word_1_246' title='bbox 607 3639 699 3692; x_wconf 80' lang='lat' dir='ltr'><strong>Deum</strong></span> <span class='ocrx_word' id='word_1_247' title='bbox 717 3637 763 3691; x_wconf 82' lang='lat' dir='ltr'><strong>vel</strong></span> <span class='ocrx_word' id='word_1_248' title='bbox 779 3637 840 3690; x_wconf 84' lang='lat' dir='ltr'><strong>Dea</strong></span> <span class='ocrx_word' id='word_1_249' title='bbox 849 3638 959 3706; x_wconf 79' lang='lat' dir='ltr'><strong>Mater,</strong></span> <span class='ocrx_word' id='word_1_250' title='bbox 980 3647 1182 3710; x_wconf 77' lang='lat' dir='ltr'><strong>postmortem</strong></span> <span class='ocrx_word' id='word_1_251' title='bbox 1195 3657 1213 3694; x_wconf 81' lang='lat' dir='ltr'><strong>a</strong></span> <span class='ocrx_word' id='word_1_252' title='bbox 1230 3638 1286 3694; x_wconf 88' lang='lat' dir='ltr'><strong>suis</strong></span> <span class='ocrx_word' id='word_1_253' title='bbox 1303 3637 1367 3694; x_wconf 89' lang='lat' dir='ltr'><strong>filiis</strong></span> 
     </span>
     <span class='ocr_line' id='line_1_33' title="bbox 332 3717 1369 3805; baseline -0.003 -16"><span class='ocrx_word' id='word_1_254' title='bbox 332 3731 451 3789; x_wconf 78' lang='lat' dir='ltr'><strong>colenda</strong></span> <span class='ocrx_word' id='word_1_255' title='bbox 471 3729 573 3784; x_wconf 75' lang='lat' dir='ltr'><strong>finisset</strong></span> <span class='ocrx_word' id='word_1_256' title='bbox 592 3730 690 3786; x_wconf 80' lang='lat' dir='ltr'><strong>Manes</strong></span> <span class='ocrx_word' id='word_1_257' title='bbox 704 3717 780 3785; x_wconf 81' lang='lat' dir='ltr'><strong>enim</strong></span> <span class='ocrx_word' id='word_1_258' title='bbox 794 3739 943 3802; x_wconf 74' lang='lat' dir='ltr'><strong>parentum</strong></span> <span class='ocrx_word' id='word_1_259' title='bbox 961 3740 1041 3785; x_wconf 81' lang='lat' dir='ltr'><strong>erant</strong></span> <span class='ocrx_word' id='word_1_260' title='bbox 1053 3731 1172 3805; x_wconf 70' lang='lat' dir='ltr'><strong>patenti</strong></span> <span class='ocrx_word' id='word_1_261' title='bbox 1186 3744 1238 3787; x_wconf 79' lang='lat' dir='ltr'><strong>ont</strong></span> <span class='ocrx_word' id='word_1_262' title='bbox 1252 3734 1369 3788; x_wconf 73' lang='lat' dir='ltr'><strong>matema·</strong></span> 
     </span>
     <span class='ocr_line' id='line_1_34' title="bbox 331 3820 1364 3898; baseline 0 -18"><span class='ocrx_word' id='word_1_263' title='bbox 331 3825 385 3890; x_wconf 82' lang='lat' dir='ltr'><strong>dii,</strong></span> <span class='ocrx_word' id='word_1_264' title='bbox 399 3839 435 3880; x_wconf 79' lang='lat' dir='ltr'><strong>cx</strong></span> <span class='ocrx_word' id='word_1_265' title='bbox 446 3823 575 3890; x_wconf 79' lang='lat' dir='ltr'><strong>Platone,</strong></span> <span class='ocrx_word' id='word_1_266' title='bbox 584 3822 638 3896; x_wconf 70' lang='lat' dir='ltr'><strong>leg.</strong></span> <span class='ocrx_word' id='word_1_267' title='bbox 647 3841 675 3889; x_wconf 91' lang='lat' dir='ltr'><strong>v,</strong></span> <span class='ocrx_word' id='word_1_268' title='bbox 685 3837 716 3889; x_wconf 79' lang='lat' dir='ltr'><strong>n,</strong></span> <span class='ocrx_word' id='word_1_269' title='bbox 729 3831 758 3876; x_wconf 81' lang='lat' dir='ltr'><strong>et</strong></span> <span class='ocrx_word' id='word_1_270' title='bbox 770 3820 918 3890; x_wconf 71' lang='lat' dir='ltr'><strong>Cicerone,</strong></span> <span class='ocrx_word' id='word_1_271' title='bbox 932 3822 981 3895; x_wconf 86' lang='lat' dir='ltr'><strong>qui</strong></span> <span class='ocrx_word' id='word_1_272' title='bbox 995 3822 1026 3877; x_wconf 88' lang='lat' dir='ltr'><strong>in</strong></span> <span class='ocrx_word' id='word_1_273' title='bbox 1039 3823 1242 3898; x_wconf 81' lang='lat' dir='ltr'><strong>Xenopbontis</strong></span> <span class='ocrx_word' id='word_1_274' title='bbox 1252 3823 1364 3898; x_wconf 65' lang='lat' dir='ltr'><strong>Cyrop„</strong></span> 
     </span>
     <span class='ocr_line' id='line_1_35' title="bbox 332 3911 1368 3987; baseline 0.001 -18"><span class='ocrx_word' id='word_1_275' title='bbox 332 3933 406 3986; x_wconf 83' lang='lat' dir='ltr'><strong>vm,</strong></span> <span class='ocrx_word' id='word_1_276' title='bbox 426 3931 457 3985; x_wconf 80' lang='lat'><strong>7,</strong></span> <span class='ocrx_word' id='word_1_277' title='bbox 471 3913 511 3968; x_wconf 81' lang='lat' dir='ltr'><strong>cic</strong></span> <span class='ocrx_word' id='word_1_278' title='bbox 522 3912 607 3967; x_wconf 84' lang='lat' dir='ltr'><strong>vertit</strong></span> <span class='ocrx_word' id='word_1_279' title='bbox 624 3913 712 3968; x_wconf 84' lang='lat' dir='ltr'><strong>vcrba</strong></span> <span class='ocrx_word' id='word_1_280' title='bbox 729 3911 797 3987; x_wconf 70' lang='lat' dir='ltr'><strong>Cyri</strong></span> <span class='ocrx_word' id='word_1_281' title='bbox 807 3912 967 3984; x_wconf 76' lang='lat' dir='ltr'><strong>morientis,</strong></span> <span class='ocrx_word' id='word_1_282' title='bbox 984 3916 1031 3968; x_wconf 79' lang='lat' dir='ltr'><strong>De</strong></span> <span class='ocrx_word' id='word_1_283' title='bbox 1047 3916 1153 3970; x_wconf 75' lang='lat' dir='ltr'><strong>Sonent.</strong></span> <span class='ocrx_word' id='word_1_284' title='bbox 1158 3955 1168 3983; x_wconf 92' lang='lat'><strong>,</strong></span> <span class='ocrx_word' id='word_1_285' title='bbox 1189 3934 1226 3972; x_wconf 80' lang='lat' dir='ltr'><strong>nu</strong></span> <span class='ocrx_word' id='word_1_286' title='bbox 1240 3935 1250 3969; x_wconf 90' lang='grc'><strong>.·</strong></span> <span class='ocrx_word' id='word_1_287' title='bbox 1268 3917 1313 3972; x_wconf 86' lang='lat' dir='ltr'><strong>Sic</strong></span> <span class='ocrx_word' id='word_1_288' title='bbox 1324 3933 1368 3970; x_wconf 83' lang='lat' dir='ltr'><strong>me</strong></span> 
     </span>
    </p>

    <p class='ocr_par' dir='ltr' id='par_1_13' title="bbox 331 4006 1373 4154">
     <span class='ocr_line' id='line_1_36' title="bbox 331 4006 600 4061; baseline -0.015 0"><span class='ocrx_word' id='word_1_289' title='bbox 331 4006 443 4061; x_wconf 75' lang='grc' dir='ltr'><em>ωἱίτοτσ</em></span> <span class='ocrx_word' id='word_1_290' title='bbox 456 4015 488 4060; x_wconf 82' lang='lat' dir='ltr'><strong>ut</strong></span> <span class='ocrx_word' id='word_1_291' title='bbox 502 4006 600 4058; x_wconf 85' lang='lat' dir='ltr'><strong>Deum.</strong></span> 
     </span>
     <span class='ocr_line' id='line_1_37' title="bbox 908 4095 1373 4154; baseline 0.006 -3"><span class='ocrx_word' id='word_1_292' title='bbox 908 4095 1058 4153; x_wconf 82' lang='lat' dir='ltr'><strong>ELlGlUS</strong></span> <span class='ocrx_word' id='word_1_293' title='bbox 1076 4098 1307 4154; x_wconf 70' lang='lat' dir='ltr'><strong>JOHANNEAU.</strong></span> <span class='ocrx_word' id='word_1_294' title='bbox 1369 4101 1373 4108; x_wconf 88' lang='grc'><em>“</em></span> 
     </span>
    </p>
   </div>
   <div class='ocr_carea' id='block_1_6' title="bbox 0 0 1564 5032">
    <p class='ocr_par' dir='ltr' id='par_1_14' title="bbox 0 0 1564 5032">
     <span class='ocr_line' id='line_1_38' title="bbox 0 0 1564 5032; baseline 0 0"><span class='ocrx_word' id='word_1_295' title='bbox 0 0 1564 5032; x_wconf 95' lang='lat' dir='ltr'><strong> </strong></span> 
     </span>
    </p>
   </div>
  </div>
 </body>
</html>
