3114 5032
453 458 492 512 IN
511 457 623 518 vlTAs
642 459 795 517 EXCELL.
817 465 939 521 IMPER.
1086 480 1091 490 ’
1152 485 1225 525 aar·

181 578 328 650 eleusinia,
337 599 398 655 qrrae
407 600 459 657 per
470 583 664 644 excellentiam
671 587 803 661 mysteria
811 588 983 646 dicebantur.
994 593 1037 649 Ita
1045 593 1120 667 apud
1132 593 1210 652 Thu-

181 671 327 745 cydidem,
342 693 379 742 11,
398 673 451 742 25,
474 671 565 734 ποιεῖν
582 671 732 750 Διονύσια,
749 681 932 738 Bacchanalia
953 683 1056 754 facere,
1073 703 1121 741 seu
1134 695 1211 762 mys-

180 762 249 818 teria
261 765 363 830 Bacchi
374 767 524 825 celebrare.

220 857 283 911 Car.
297 858 345 912 IV.
372 857 479 934 Capiais
498 863 671 918 damnatam
695 863 819 937 Capitale
838 875 898 920 erat
917 867 1049 940 mysteria
1068 861 1211 942 evulgare3

179 957 208 1003 et
225 948 347 1004 convicti
359 951 450 1024 capite
466 953 683 1026 damnabantur,
697 956 830 1030 bonaque
846 975 943 1013 eorum
959 959 1183 1032 publicabantnr.

217 1042 252 1095 In
270 1043 340 1118 pila
366 1046 493 1118 lapidea.
518 1046 608 1117 Infra,
630 1049 790 1123 v1,plurcs
811 1048 895 1106 firisse
914 1051 953 1106 ait
971 1051 1043 1125 pilas
1062 1053 1093 1108 in
1111 1053 1210 1127 quibus

178 1135 333 1190 exsecratio
347 1146 418 1192 esset
426 1137 530 1193 incisa:
547 1163 560 1190 a
570 1141 690 1214 pilaeque
702 1141 794 1198 illae...
803 1141 835 1196 in
846 1161 923 1199 mare
934 1144 1119 1218 precipitata.
1132 1169 1144 1196 a
1157 1145 1210 1201 llic

176 1243 237 1280 mos
251 1226 336 1282 etiam
349 1229 425 1302 apud
437 1248 490 1285 nos
502 1229 629 1287 invaluit.

217 1319 280 1373 Car.
295 1320 344 1374 VI.
370 1323 406 1374 In
421 1341 501 1377 mare
515 1324 709 1397 praecipitatae.
731 1325 797 1380 Non
816 1325 901 1398 pilas,
923 1329 1073 1384 sententias
1090 1349 1158 1386 vero
1182 1341 1211 1386 et

176 1409 239 1465 lites
254 1409 285 1466 in
302 1429 379 1467 mare
391 1414 548 1488 praecipites
561 1425 648 1485 actas,
660 1417 721 1470 vrrlt
735 1416 895 1488 Diodorus,
910 1433 988 1489 1111,
1004 1419 1055 1494 693
1069 1422 1210 1496 sedquod

176 1512 279 1557 narrat
289 1503 386 1576 Nepos
399 1504 576 1562 verisimilius
589 1517 643 1577 est;
657 1517 684 1562 et
696 1506 786 1579 major
799 1506 863 1564 huic
877 1513 943 1565 sane
961 1509 1039 1566 fides.

216 1593 278 1648 Car.
293 1595 359 1650 VII.
376 1598 405 1650 A
423 1615 496 1672 rege.
520 1599 632 1655 Scilicet
653 1601 809 1670 Persarum,
835 1621 852 1656 a
870 1602 957 1657 Dario
979 1605 1025 1659 vel
1042 1603 1130 1678 Cyro,
1152 1603 1209 1677 ejus

176 1683 252 1754 filio,
262 1687 310 1760 qui
322 1697 390 1742 tunc
403 1689 491 1745 Ioniae
500 1690 661 1766 Lydiaeque,
676 1692 708 1747 in
723 1695 787 1749 loco
804 1694 1011 1768 Tissaphernis,
1026 1707 1085 1751 erat
1100 1715 1210 1771 praepo-

177 1777 253 1834 situs.
273 1780 344 1834 Vide
356 1783 484 1850 Jnsrnc,
496 1803 528 1852 v,
543 1781 569 1839 5.
583 1784 727 1840 Diodorus
741 1797 902 1860 corruptum
915 1787 954 1842 ait
967 1798 1108 1862 asatrape
1120 1790 1210 1845 Phar-

176 1870 299 1942 naham,
316 1872 392 1945 cujus
408 1873 560 1932 amicitiam
576 1875 682 1931 inimici
696 1877 838 1932 Alcibiadi
857 1877 966 1932 crimini
981 1880 1136 1936 vertebant.
1173 1906 1174 1911 ¹

216 1963 279 2019 Cer.
294 1965 371 2022 vni
385 1967 475 2041 Apud
485 1969 573 2042 AEgos
579 1967 698 2040 flumen.
713 1969 799 2037 Quod
815 1965 905 2045 Alpes
917 1969 1049 2046 accepts
1060 1972 1208 2028 Pausanias

175 2066 272 2126 vocat,
286 2075 339 2128 ιιι,
356 2076 400 2128 ¹7·
424 2060 495 2114 Vide
508 2077 592 2134 supra
607 2059 636 2114 in
650 2061 811 2136 Lysandro,
825 2079 849 2120 1.

215 2147 311 2223 Neque
324 2153 407 2226 longe
419 2150 529 2206 abesset
540 2153 691 2223 Lysander.
699 2153 766 2208 Enat
779 2151 856 2208 enim
864 2153 1024 2227 Lampsaci,
1033 2155 1111 2228 quod
1123 2156 1207 2227 paulo

176 2249 240 2295 ante
253 2253 376 2315 ceperat.
394 2244 578 2316 Lampsacum
589 2244 727 2300 autemab
738 2243 922 2318 Hellesponto
941 2244 1026 2301 distat
1044 2243 1133 2300 stadia
1149 2247 1207 2304 cir-
1308 2289 1311 2296 .

175 2330 244 2387 citer
258 2351 308 2402 xv,
325 2333 375 2389 uhi
391 2343 450 2389 erat
467 2333 634 2390 Alcibiades.
647 2335 774 2391 Lanam.
991 2351 992 2356 ’

213 2427 240 2480 Α
255 2445 327 2500 rege.
343 2427 433 2501 Cyro,
447 2425 527 2484 Darii
543 2425 618 2497 filio,
635 2427 683 2500 qui
700 2427 845 2501 Lysandro
863 2426 940 2510 mille
957 2427 1068 2484 dariam
1085 2428 1207 2485 miserat.

215 2516 314 2572 Castra
316 2560 363 2575 .....
379 2520 503 2576 nautica.
523 2519 642 2576 Navium
660 2519 766 2575 scilicet
787 2519 929 2576 stationes.
955 2521 1092 2577 Nonnulli
1114 2533 1209 2576 castra

174 2609 316 2684 explicant
341 2610 376 2666 de
399 2610 535 2685 praesidiis
555 2611 586 2666 in
607 2611 741 2685 proximo
760 2611 855 2666 littore
874 2611 1031 2682 collocatis,
1054 2631 1115 2687 quae
1141 2611 1208 2668 inde

173 2719 259 2759 naves
270 2702 345 2777 ipsas
358 2713 522 2759 tutarentur.
908 2704 911 2713 ’

212 2794 275 2849 Car.
289 2795 338 2850 IX.
352 2796 429 2870 Ilege
441 2789 599 2852 Persarum.
614 2797 768 2852 Artaxerxe
780 2797 945 2864 Mnemone‚
958 2793 1022 2869 qui,
1035 2797 1110 2872 Cyro
1122 2796 1207 2854 fratre

172 2885 260 2956 vieto,
272 2887 360 2943 Dario
374 2888 449 2964 patri
461 2898 635 2946 successerat.

215 2977 321 3048 Cyrum.
336 2980 497 3036 Artaxerxis
509 2981 640 3050 fratrem,
656 2978 702 3036 cui
713 2979 816 3035 Darius
829 3003 841 3030 «
853 2978 991 3049 civitates,
1005 2997 1121 3054 quarum
1133 3001 1206 3057 prae-
1305 3066 1312 3069 .

172 3068 260 3124 sectus
273 3079 345 3139 erat,
362 3081 528 3128 testamento
542 3071 683 3146 legavit.»
707 3072 776 3126 Vade
788 3073 882 3142 Josm,
899 3091 932 3142 v,
952 3090 996 3129 ιι.

211 3163 329 3220 cmx.
347 3165 432 3219 Laco.
444 3163 671 3220 Lacedaemonius
691 3163 842 3238 Lysander.
860 3166 918 3233 lta,
936 3163 1013 3237 apud
1031 3163 1190 3221 Sallustium
1196 3207 1205 3235 ,

171 3256 296 3310 Numida
307 3273 361 3328 pro
373 3255 523 3329 Jngmtha,
538 3257 657 3310 Manno
669 3272 724 3328 pro
736 3255 847 3310 Bnccho
863 3265 1018 3328 usurpatur.

211 3347 403 3422 Sysema’tdren
420 3357 449 3403 et
461 3349 599 3422 Bagoam.
617 3345 806 3422 Sysamithren
816 3345 992 3402 Pharnabazi
1005 3355 1135 3419 patruum
1148 3365 1205 3414 vo-

172 3451 217 3497 cat
227 3438 401 3496 Plutarchus.
411 3439 531 3513 Bagoas
542 3457 650 3510 nomen
664 3447 705 3494 est
718 3455 866 3494 commune
879 3455 936 3511 quo
948 3439 1036 3492 Persae
1050 3437 1205 3496 eunuchum

170 3534 320 3591 vocabant.
337 3530 509 3587 Hicnomen
524 3539 565 3586 est
579 3530 732 3604 proprium.
750 3529 806 3585 Alii
818 3531 960 3604 Bagaeum
971 3531 1075 3604 legunt.

211 3625 274 3680 Car.
291 3625 345 3680 XI.
367 3625 460 3696 Quom
476 3622 584 3697 ingenii
594 3621 725 3676 Acarnaiti
733 3623 888 3677 inserviunt.
903 3621 1042 3693 bacchus,
1055 3623 1104 3698 qui
1115 3623 1204 3681 dictus

171 3727 232 3776 erat
257 3716 501 3791 Tauroceplralus,
523 3717 703 3782 Taumeeroa,
735 3715 939 3783 Taurocranus,
965 3716 1202 3793 Taummorpdus,

171 3809 278 3866 Thebis
291 3818 373 3863 natus
389 3816 461 3876 erat,
476 3816 504 3862 et
520 3805 642 3862 maxime
658 3805 815 3876 colebatur3
828 3805 1003 3892 Cadmusque
1016 3826 1032 3864 a
1047 3818 1126 3881 patre
1138 3809 1204 3865 mis-

170 3921 216 3959 sus
233 3901 269 3958 sd
285 3899 505 3975 perquirendam
524 3916 651 3954 sororem
669 3916 747 3953 suam
762 3899 918 3971 Europam,
936 3917 1020 3973 quarn
1038 3899 1161 3973 Jupiter,
1176 3901 1204 3956 ia

171 4007 280 4050 taurum
295 4003 432 4058 mutatus,
453 4000 596 4064 rapuerat,
609 3989 720 4046 'Ibebas
738 3989 883 4061 condidit,
897 3992 962 4046 loco
975 3990 1012 4047 ad
1025 4009 1107 4065 ‹prem
1120 3991 1204 4048 ductu

171 4087 245 4142 bovis
261 4094 438 4160 pervenerat.
455 4085 565 4139 Nomen
579 4081 663 4157 igitur
676 4077 827 4152 Boeotia,sl
848 4083 983 4154 solorra,
1000 4079 1128 4152 adisses,
1146 4085 1202 4140 bo·
