3198 5174
378 426 416 482 50
580 477 583 485 ,
714 428 888 485 CORNELII
909 429 1062 485 NEPOTlS

378 571 458 628 tur:
479 579 559 649 quas
577 555 709 649 quidem
731 555 784 625 ille
803 556 976 651 diligenter
996 556 1162 642 obeundo,
1185 553 1325 624 fideliter
1338 557 1394 625 ad·
1416 621 1420 630 .

377 674 613 760 ministrando,
626 673 886 743 crudelissimum
905 701 1025 744 nomen
1036 675 1163 768 tyranni
1177 698 1235 742 sua
1249 675 1401 743 humani·

378 805 445 860 tate
459 793 596 888 tegebat.
610 797 756 878 Hunc,a
770 795 930 886 Dionysio
950 795 1099 879 missum,
1116 792 1399 886 Carthaginienses

379 924 612 1003 suspexerunt,
626 924 663 978 ut
674 913 840 979 neminem
856 936 1001 1003 uuquam
1020 935 1124 1006 graeca
1139 909 1251 1004 lingua
1264 908 1399 1002 loquen-

323 1069 327 1076 ·
378 1040 444 1094 tem
459 1027 563 1120 magis
581 1029 646 1096 sint
666 1025 828 1096 admirati.

421 1146 464 1212 Il.
474 1146 591 1236 Neque
600 1168 679 1212 vero
694 1145 763 1214 haec
772 1145 967 1238 Dionysium
978 1145 1155 1239 fugiebant.
1172 1146 1259 1213 Nam
1275 1155 1398 1235 quanto

375 1275 460 1330 esset
476 1259 539 1328 sibi
555 1276 765 1351 ornamento,
782 1264 950 1331 sentiebat.
971 1264 1048 1349 Quo
1062 1261 1173 1348 fiebat,
1193 1274 1231 1326 ut
1250 1260 1308 1326 uni
1322 1260 1399 1327 buic

375 1382 517 1450 maxime
534 1378 734 1473 indulgeret,
752 1405 857 1472 neque
869 1405 944 1449 eum
962 1404 1053 1448 secus
1066 1377 1216 1473 diligeret
1227 1402 1266 1445 ac
1281 1375 1396 1444 fitium.

376 1502 446 1587 Qui
458 1499 612 1593 quidem,
627 1523 729 1591 quum
744 1497 915 1567 Platonem
928 1502 1106 1568 Tarentum
1120 1498 1248 1564 venisse
1262 1494 1349 1563 fama
1364 1496 1397 1561 in

313 1653 315 1656 v
376 1615 521 1685 Siciliam
542 1630 626 1684 esset
653 1613 792 1709 perlata,
819 1615 1018 1686 adolescenti
1047 1638 1165 1708 negare
1190 1638 1257 1681 non
1274 1614 1397 1705 potuit,

378 1736 459 1827 quin
477 1759 553 1802 eum
574 1751 765 1821 arcesseret,
785 1759 886 1827 quum
907 1735 994 1802 Dion
1010 1730 1080 1826 ejus
1099 1731 1252 1800 audiendi
1272 1731 1398 1824 cupidi·

377 1868 444 1921 tate
462 1851 624 1946 flagraret.
643 1851 744 1920 Dedit
764 1877 841 1946 ergo
861 1853 939 1920 huic
961 1852 1106 1934 veniam,
1124 1873 1305 1943 magnaque
1322 1873 1397 1916 eum

376 1970 555 2039 ambitione
579 1973 754 2063 Syracusas
771 1969 936 2062 perduxit.
958 1971 1068 2056 Quem
1084 1969 1174 2037 Dion
1196 1967 1277 2035 adeo
1295 1966 1398 2036 admi-

274 2105 280 2118 ·
376 2102 468 2156 ratus
483 2101 531 2157 est
544 2102 641 2181 atque
650 2087 830 2174 adamavit,
848 2101 885 2156 ut
898 2113 932 2156 se
948 2103 1054 2157 totum
1070 2089 1098 2155 ei
1115 2084 1269 2154 traderet.
1282 2087 1398 2177 Neque

376 2231 454 2276 vero
471 2209 578 2275 minus
600 2204 695 2274 Plato
715 2204 892 2274 delectatus
908 2221 958 2274 est
977 2209 1095 2275 Dione.
1113 2209 1244 2297 Itaque,
1259 2230 1358 2298 quum
1379 2230 1398 2274 a

375 2327 535 2417 Dionysio
551 2316 691 2417 tyranno
705 2318 881 2391 crudeliter
898 2323 1036 2392 violatus
1049 2338 1149 2407 esset3
1162 2321 1285 2415 quippe
1300 2347 1396 2413 quem

375 2439 559 2512 venundari
574 2443 741 2536 jussisset;
763 2456 872 2509 tamen
889 2441 1003 2510 eodem
1021 2441 1133 2526 rediit,
1153 2439 1299 2534 ejusdem
1317 2442 1398 2511 Dio-

375 2562 427 2628 nis
443 2561 594 2654 precihus
610 2560 781 2628 adductus.
800 2561 938 2628 Interim
957 2561 991 2627 in
1012 2560 1163 2628 morbum
1185 2559 1299 2628 incidit
1320 2562 1396 2629 Dio-

376 2681 498 2772 nysius.
515 2680 592 2766 Quo
609 2701 711 2769 quum
732 2679 824 2770 gravi
848 2677 1107 2765 condideretur,
1130 2679 1278 2770 quaesivit
1297 2703 1397 2748 ame·

376 2794 458 2864 dicis
477 2797 581 2882 Dion,
599 2795 874 2887 quemadmodum
889 2821 922 2864 se
937 2796 1090 2882 haberet3
1108 2796 1328 2890 simulqueab
1346 2799 1395 2866 his

376 2915 486 3007 petiit,
503 2915 562 2982 «Si
579 2913 662 2982 forte
678 2914 795 3006 majori
812 2929 896 2982 esset
908 2913 1071 3008 periculo,
1085 2929 1123 2982 ut
1133 2917 1194 2982 sibi
1207 2916 1395 2984 faterentur.

376 3033 462 3101 Nam
473 3029 557 3100 velle
571 3055 604 3100 se
622 3055 697 3100 cum
710 3057 748 3100 eo
765 3031 908 3126 colloqui
926 3034 967 3101 de
984 3032 1157 3126 partiendo
1173 3059 1296 3129 regn03
1309 3036 1397 3128 quod

376 3151 497 3219 sororis
520 3175 585 3222 suae·
609 3148 708 3236 lilios,
728 3175 767 3219 ex
786 3150 845 3220 illo
867 3167 976 3235 natos,
997 3167 1122 3246 partem
1145 3156 1235 3246 regni
1259 3156 1398 3246 putabat

374 3269 495 3338 debere
511 3269 640 3338 habere.
651 3297 667 3332 s
684 3268 722 3336 Id
740 3270 857 3338 medici
874 3293 940 3337 non
956 3283 1146 3354 tacuerunt,
1162 3286 1195 3339 et
1214 3271 1256 3338 ad
1274 3275 1398 3366 Diony·

377 3388 461 3456 sium
478 3384 582 3456 filium
603 3410 786 3458 sermonem
810 3385 1003 3456 retulerunt.
1025 3390 1102 3475 Quo
1123 3388 1177 3457 ille
1198 3392 1395 3478 commotus,

377 3529 418 3572 ne
433 3504 551 3598 agendi
575 3529 651 3573 cum
675 3527 714 3572 eo
737 3520 822 3573 esset
839 3507 940 3574 Dioni
957 3522 1117 3600 potestus,
1140 3510 1227 3600 patri
1246 3535 1396 3603 soporem

376 3622 521 3690 medicos
543 3623 622 3690 dare
646 3625 762 3716 coegit.
784 3627 856 3692 Hoc
877 3649 961 3718 aeger
982 3641 1129 3720 sumpto,
1149 3641 1186 3694 ut
1208 3651 1323 3696 somno
1343 3655 1395 3698 so·

376 3742 478 3833 pitus,
498 3741 584 3807 diem
597 3741 680 3809 obiit
694 3765 893 3834 supremum.

316 3919 320 3922 .
421 3857 578 3930 Ill.,Tale
598 3860 729 3927 initium
750 3859 811 3927 luit
835 3862 952 3931 Dionis
977 3877 1010 3930 et
1030 3863 1179 3956 Dionysii
1202 3864 1395 3950 simultatis,

376 3999 477 4069 eaque
491 3976 604 4048 multis
619 3976 717 4047 rebus
733 3993 829 4048 aucta
845 3995 894 4047 est
910 4006 917 4047 :
938 3981 994 4049 sed
1012 3996 1121 4050 tamen
1135 3983 1250 4074 primis
1270 3998 1397 4077 tempo·
1445 3971 1449 3978 ¹
