3198 5174
700 531 803 586 DION.
1233 531 1268 589 55

238 685 329 728 mum
343 657 530 727 custodibus
545 649 646 748 sepit,
663 653 821 723 aforibus
838 651 894 746 qui
914 677 982 721 nou
1001 651 1184 746 discedant,
1199 680 1269 723 cer·

238 795 289 849 tos
307 778 440 874 praeficit
459 803 467 844 :
489 800 605 844 navem
623 762 788 843 triremem
806 775 937 842 armatis
959 788 1070 857 ornat,
1089 771 1267 842 Philostra-

239 914 350 992 toque,
365 897 458 966 fratri
472 922 549 983 suo,
566 894 666 964 tradit
683 920 691 962 ε
709 918 845 986 eamque
863 894 896 960 in
915 907 1013 986 portu
1032 892 1149 985 agitari
1159 894 1268 984 jubet,
1350 925 1356 942 ·

239 1035 274 1087 ut
292 1021 318 1087 si
337 1043 487 1086 exercere
506 1019 643 1110 remiges
662 1013 772 1099 vellet;
792 1014 955 1108 cogitans,
974 1013 1001 1080 si
1021 1010 1105 1079 sorte
1126 1010 1267 1081 consiliis

235 1138 413 1206 obstitisset
435 1137 586 1220 fortuna,
610 1151 647 1202 ut
666 1135 800 1203 haberet
822 1159 887 1225 quo
908 1132 1035 1225 fugeret
1057 1128 1266 1199 adsalutem.

123 1339 126 1346 Ι
235 1259 379 1324 Suorum
398 1270 507 1323 autem
526 1279 699 1322 enumero
717 1253 911 1345 Zacynthios
932 1250 1150 1345 adolescentes
1170 1274 1268 1342 quos-

236 1373 311 1447 dam
333 1372 437 1468 eligit,
461 1399 563 1467 quum
587 1372 835 1458 audacissimos,
859 1386 930 1439 tum
954 1370 1266 1458 viribusmaximis3

236 1494 352 1585 hisque
375 1492 431 1560 dat
453 1493 636 1586 negotium,
660 1505 698 1558 ut
719 1491 760 1558 ad
782 1494 924 1559 Dionem
944 1503 1020 1556 eant
1040 1490 1197 1576 inermes,
1221 1489 1267 1557 sic

238 1613 286 1679 uti
300 1610 515 1680 conveniendi
532 1611 601 1702 ejus
616 1612 720 1704 gratia
736 1607 925 1678 viderentur
941 1609 1060 1675 venire.
1076 1608 1120 1675 Hi
1133 1623 1269 1702 propter

236 1732 386 1799 notitiam
401 1746 478 1799 sunt
491 1732 678 1798 intromissi.
694 1733 737 1800 At
755 1726 819 1814 illi,
835 1742 872 1796 ut
889 1727 988 1795 limen
1003 1727 1072 1818 ejus
1087 1729 1280 1828 intrarunt,

236 1847 359 1919 foribus
374 1851 548 1937 obseratis,
562 1851 596 1917 in
615 1847 699 1918 lecto
712 1849 887 1917 cubantem
902 1846 1077 1930 invadunt3
1089 1845 1244 1939 colligant
1258 1872 1266 1915 :

236 1967 274 2036 fit
298 1971 467 2063 strepitus,
491 1968 572 2036 adeo
596 1983 633 2036 ut
659 1967 805 2035 exaudiri
827 1981 937 2060 posset
963 1966 1051 2033 foris.
1078 1967 1155 2051 Hic,
1184 1967 1269 2033 sicut

236 2101 311 2154 ante
331 2087 456 2154 dictum
476 2101 540 2173 est,
560 2111 658 2179 quam
677 2087 779 2153 invisa
801 2086 843 2153 sit
864 2083 1036 2178 singularis
1054 2085 1216 2177 potentia,
1234 2099 1267 2152 et

236 2203 420 2271 miseranda
437 2205 519 2290 vita,
539 2206 631 2293 «Qui
652 2229 686 2271 se
703 2205 821 2290 metui,
845 2227 943 2296 qnam
966 2205 1068 2270 amari
1089 2201 1266 2290 malunt,»

236 2322 339 2390 cuivis
357 2318 449 2389 facile
466 2321 631 2390 intellectu
649 2323 721 2390 fuit.
740 2325 890 2414 Namque
907 2320 954 2388 illi
974 2322 1036 2414 ipsi
1054 2320 1223 2408 custodes,
1241 2323 1267 2389 si

236 2441 379 2534 propitia
392 2440 528 2509 fuissent
543 2439 725 2533 voluntate,
740 2441 863 2510 foribus
878 2441 1033 2526 effractis,
1052 2453 1179 2508 servare
1192 2465 1267 2508 cum

235 2561 435 2653 potuissent3
462 2561 552 2652 quod
578 2540 631 2628 illi
654 2562 809 2648 inermes,
836 2560 936 2628 telum
963 2559 1041 2627 foris
1066 2559 1267 2653 flagitantes,

236 2680 346 2746 vivum
362 2679 526 2747 tenebant.
542 2681 605 2748 Cui
623 2705 725 2772 quum
744 2695 948 2748 succurreret
962 2705 1076 2767 nemo,
1094 2683 1185 2772 Lyco
1199 2681 1270 2772 qui-

235 2797 310 2865 dam
323 2801 546 2890 Syracusanus
563 2824 622 2892 per
638 2799 794 2867 fenestras
811 2797 956 2892 gladium
972 2797 1076 2885 dedit,
1096 2824 1163 2891 quo
1179 2800 1269 2867 Dion

235 2916 425 2985 interfectus
444 2932 502 2985 est.

283 3039 326 3103 X.
352 3035 508 3105 Confecta
522 3037 622 3125 caede,
641 3063 743 3130 quum
761 3037 940 3106 multitudo
958 3038 1084 3106 visendi
1095 3040 1204 3132 'gratia
1218 3040 1269 3105 in·

235 3155 383 3240 troisset,
412 3153 563 3222 nonnulli
594 3157 636 3223 ab
667 3157 775 3224 insciis
807 3181 868 3249 pro
900 3159 1005 3224 noxiis
1038 3157 1268 3225 conciduntur.
1358 3219 1361 3226 .

235 3274 336 3359 Nam,
363 3271 458 3341 celeri
483 3299 616 3342 rumore
642 3273 758 3361 dilato,
784 3276 886 3343 Dioni
910 3277 977 3343 vim
1003 3273 1149 3360 allatam,
1175 3275 1270 3343 multi

237 3409 486 3480 concurrerant,
506 3396 625 3487 quibus
647 3393 711 3463 tale
735 3395 859 3464 facinus
882 3396 1080 3490 displicebat.
1111 3397 1171 3479 Hi,
1191 3394 1270 3463 falsa
1300 3477 1302 3480 .

236 3515 420 3606 suspicione
445 3513 550 3601 ducti,
578 3515 800 3602 immerentes,
827 3530 864 3583 ut
891 3515 1078 3602 sceleratos,
1104 3514 1268 3584 occidunt.

236 3633 343 3723 Hujus
368 3632 408 3701 de
429 3648 533 3701 morte
553 3648 590 3701 ut
611 3632 720 3728 palam
742 3634 951 3721 factum-est,
970 3623 1162 3703 mirabiliter
1180 3635 1270 3729 vulgi
1313 3705 1316 3712 ,

235 3766 362 3819 mutata
377 3766 426 3820 est
445 3751 606 3821 voluntas.
623 3729 710 3823 Nam
727 3755 784 3846 qui
804 3755 917 3821 vivum
931 3778 1007 3821 eum
1017 3768 1197 3847 tyrannum
1213 3781 1269 3822 vu-

236 3871 391 3961 citaraut,
411 3871 509 3939 iidem
527 3868 733 3939 liberatorem
755 3873 885 3966 patriae,
906 3875 1103 3967 tyrannique
1120 3872 1270 3966 expulso-

238 4013 305 4056 rem
325 3990 555 4084 praedicabant.
576 3992 629 4059 Sic
648 3991 756 4059 subito
774 3991 995 4061 misericordia
1014 3991 1090 4059 odio
1109 3995 1269 4059 successe-

238 4121 303 4195 rat,
323 4123 360 4176 ut
377 4135 452 4178 cum
468 4135 528 4178 suo
548 4111 720 4204 sanguine,
740 4113 766 4179 si
785 4127 934 4204 possent,
954 4112 994 4178 ab
1013 4111 1196 4180 Acheronte
1212 4135 1269 4179 cu-
