3198 5174
351 495 387 563 74
648 519 651 532 ·
688 491 860 550 censam
878 493 1032 549 aurens

354 615 423 686 dias
435 607 595 683 dixerant
618 613 681 684 Sed
701 614 798 709 elegit
816 639 953 710 corpore
971 631 1005 684 et
1029 627 1152 684 statura
1167 611 1371 685 simillimum

351 731 418 820 sui,
432 730 528 824 eique
548 732 702 801 vestitum
719 757 815 804 suum
834 733 937 821 dedit,
958 746 1056 825 atque
1072 755 1111 800 eo
1130 729 1203 800 loce
1222 732 1284 820 ire,
1303 755 1373 825 quo

352 852 421 944 ipse
446 864 671 937 consueverat,
695 852 816 944 jussit:
833 853 901 945 ipse
921 864 1031 920 autem
1048 864 1165 919 ornatu
1185 851 1373 942 vestituque

352 965 485 1038 militari
500 968 587 1036 inter
601 970 748 1062 corporis
766 969 915 1038 custodes
932 969 995 1037 iter
1010 969 1116 1037 facere
1131 969 1239 1061 coepit.
1260 970 1305 1036 Aa
1321 969 1373 1061 in-

352 1086 535 1174 sidiatores,
554 1103 726 1181 postquam
745 1090 781 1159 in
797 1113 872 1158 eum
886 1086 996 1158 locum
1014 1111 1131 1182 agmen
1140 1090 1304 1181 pervenit,
1317 1086 1374 1156 dc-

255 1259 261 1274 ,
353 1208 438 1298 cepti
455 1207 571 1275 ordine
587 1221 686 1298 atque
703 1208 839 1295 vestitu,
856 1208 892 1277 ie
908 1231 984 1275 eum
996 1206 1119 1275 faciunt
1132 1206 1374 1299 impetum,qui

351 1324 537 1416 suppositus
565 1338 644 1392 erat.
671 1324 870 1394 Praedixerat
896 1339 1006 1393 autem
1029 1325 1080 1391 his
1102 1327 1270 1411 Datames,
1295 1347 1369 1392 cum

352 1441 470 1536 quibus
485 1441 546 1509 iter
561 1441 712 1528 faciebat,
728 1457 764 1510 ut
782 1444 888 1536 parati
904 1455 1011 1512 essent
1029 1441 1149 1526 facere,
1160 1441 1249 1535 quod
1264 1443 1371 1534 ipsum

351 1556 518 1626 vidissent.
534 1561 628 1650 Ipse,
645 1574 682 1628 ut
701 1572 932 1631 concurrentes
951 1558 1156 1628 insidiatores
1171 1559 1373 1659 animadver-

352 1677 405 1761 tit,
421 1672 486 1743 tela
502 1676 537 1742 in
553 1700 608 1744 eos
630 1678 779 1770 conjecit.
796 1683 867 1747 Hoc
887 1677 974 1747 idem
992 1701 1095 1770 quum
1116 1679 1261 1746 universi
1280 1679 1373 1747 lecis-

352 1806 436 1880 sent,
453 1793 641 1886 priusquam
660 1797 869 1887 pervenirent
884 1795 925 1864 ad
941 1819 1032 1882 eum,
1045 1819 1143 1886 quem
1161 1795 1297 1889 aggredi
1315 1820 1372 1863 vo-

352 1909 479 1997 lebant,
496 1911 614 1980 confixi
633 1913 829 1982 ceciderunt.

399 2034 452 2098 Χ.»
462 2030 523 2098 Hic
537 2043 647 2108 tamen
669 2045 736 2098 tam
757 2029 893 2099 callidus
910 2032 962 2099 vir
976 2045 1121 2100 extremo
1134 2045 1281 2124 tempore
1296 2055 1373 2125 eap-

354 2162 406 2218 tus
421 2163 470 2217 est
489 2148 709 2232 Mithridatis,
727 2148 956 2219 Ariobarzanis
972 2149 1049 2237 filii,
1068 2147 1153 2218 delo.
1178 2151 1328 2243 Namque
1348 2152 1376 2218 is

351 2266 516 2361 pollicitus
531 2283 581 2338 est
597 2270 680 2362 regi,
697 2294 731 2337 se
748 2291 824 2337 eum
842 2269 1110 2356 interfecturum,
1133 2269 1160 2336 si
1178 2269 1208 2336 ci
1223 2293 1282 2336 rex
1301 2293 1376 2361 per-

354 2388 517 2475 mitteret,
537 2403 589 2475 ut,
605 2387 824 2482 quodcunque
839 2386 952 2473 vellet,
972 2385 1086 2454 liceret
1104 2388 1237 2480 impune
1255 2387 1376 2473 facere,

353 2505 515 2598 fidemque
528 2508 567 2576 de
576 2531 614 2575 ea
627 2531 679 2594 re,
691 2529 782 2574 more
792 2510 979 2591 Persarum,
994 2505 1107 2573 dextra
1124 2504 1273 2574 dedisset.
1284 2509 1380 2576 Hanc

352 2637 391 2690 ut
405 2625 560 2715 recepita
581 2648 658 2717 rege
670 2625 815 2712 missam,
828 2625 939 2717 copias
960 2639 1069 2717 parat,
1085 2637 1117 2691 et
1136 2624 1251 2691 absens
1267 2624 1378 2691 amici-

353 2741 432 2808 tiam
447 2764 521 2808 cum
542 2745 682 2811 Datame
697 2741 788 2829 iacit,
808 2744 894 2836 regis
913 2743 1101 2836 provincias
1120 2757 1230 2828 vexat,
1247 2740 1378 2810 castella

352 2877 538 2952 expugnat,
565 2882 700 2952 magnas
725 2861 850 2954 praedas
868 2863 978 2954 capit:
997 2884 1137 2953 quarum
1164 2875 1290 2953 partem
1313 2861 1379 2928 suis

352 2975 516 3068 dispertit,
539 2990 665 3070 partem
687 2977 729 3046 ad
747 2981 921 3047 Datamem
946 2979 1066 3064 mittit;
1080 2980 1152 3072 pari
1172 2977 1271 3046 modo
1290 3003 1379 3047 com·

353 3093 449 3189 plura
458 3093 590 3162 castella
606 3097 635 3163 ei
652 3095 760 3166 tradit.
775 3101 851 3165 Haec
864 3097 920 3164 diu
936 3095 1086 3164 iaciendo
1103 3098 1262 3190 persuasit
1274 3098 1377 3166 bomi-

353 3214 403 3297 ni,
422 3237 456 3280 se
466 3213 632 3284 infinitum
642 3216 795 3284 adversus
805 3239 915 3309 regem
929 3216 1106 3308 suscepisse
1122 3213 1246 3284 bellum
1257 3227 1376 3308 :quum

269 3426 271 3430 ι
354 3331 459 3402 nihilo
474 3334 593 3427 magis,
609 3358 651 3401 ne
666 3357 765 3426 quam
779 3334 999 3426 suspicionem
1013 3331 1061 3401 illi
1076 3334 1236 3427 preberet
1251 3334 1379 3402 insidia·

352 3476 440 3538 rum,
462 3476 569 3544 neque
593 3450 794 3545 colloquium
809 3452 877 3545 ejus
893 3451 1023 3545 petivit,
1040 3439 1199 3546 nequein
1221 3477 1378 3546 conspec-

352 3584 423 3640 tum
445 3571 560 3637 venire
582 3569 717 3638 studuit.
742 3573 796 3638 Sic
820 3571 934 3638 absens
961 3571 1140 3639 amicitiam
1163 3572 1313 3664 gerebat,
1342 3583 1378 3636 ut

357 3711 425 3755 non
441 3687 606 3754 beneficiis
621 3690 759 3775 mutuis,
778 3687 835 3756 sed
848 3688 925 3758 odio
936 3683 1118 3776 communi,
1131 3688 1221 3781 quod
1239 3691 1316 3782 erg'a
1329 3711 1380 3756 re-

353 3830 427 3900 gem
445 3817 670 3896 susceperant,
689 3807 851 3874 contineri
869 3807 1070 3875 viderentur.
1123 3789 1124 3792 Ἴ

401 3926 459 3994 XI.
480 3923 520 3992 Id
538 3947 641 4016 quum
659 3925 736 3992 satis
751 3947 785 3992 se
806 3923 1015 3994 confirmasse
1032 3925 1207 3994 arbitratus
1228 3935 1292 4010 est,
1310 3947 1380 3992 cer-

354 4044 469 4112 tiorem
483 4041 559 4112 facit
573 4044 760 4128 Datamem,
770 4057 900 4136 tempus
915 4067 984 4112 esse
996 4043 1135 4135 majores
1149 4043 1310 4112 exercitus
1324 4065 1383 4136 pa-
