3168 5048
535 1101 936 1294 nsulsum.

659 1577 817 1596 ⁸¹¹¹-
887 1600 890 1606 Ι

225 1820 463 1967 Hammona,
481 1878 673 1949 Hannibalis
691 1878 792 1968 filius,
812 1881 1005 1974 cognomine
1021 1885 1154 1969 Bareas,
1171 1884 1253 1952 Cur-

120 2071 121 2076 *
222 1999 450 2093 thaginiensis,
464 2001 571 2095 primo
588 2000 720 2068 Poenico
734 1994 836 2087 bello,
855 1999 911 2068 sed
929 1999 1130 2096 temporibus
1147 2014 1253 2068 extre-

222 2119 300 2207 mis,
325 2119 502 2187 admodum
525 2116 784 2186 adolescentulus
806 2119 840 2185 in
866 2116 974 2186 Sicilia
997 2131 1133 2213 praeesse
1155 2120 1254 2212 coepit

223 2238 389 2305 exercitui.
414 2235 529 2324 Quum
543 2241 628 2304 'ante
651 2237 722 2328 'ejus
744 2236 920 2304 adventum
943 2250 976 2302 et
999 2238 1082 2304 mari
1108 2251 1141 2304 et
1166 2251 1254 2306 terra

223 2351 308 2422 male
324 2380 376 2422 res
396 2369 586 2449 gererentur
606 2356 938 2448 Carthaginiensium
957 2355 1043 2446 ipse,
1066 2353 1123 2422 ubi
1143 2353 1251 2442 affuit,

223 2477 393 2566 nunquam
412 2474 500 2542 hosti
522 2475 631 2561 cessit,
651 2479 757 2565 neque
779 2471 887 2540 locum
908 2471 1045 2540 nocendi
1071 2471 1173 2561 dedit3
1195 2497 1253 2540 sae·

223 2617 329 2686 peque
350 2594 532 2679 contrario,
555 2595 723 2661 occasione
747 2591 839 2678 data,
856 2589 1039 2678 lacessivit,
1064 2616 1253 2686 semperque

223 2713 372 2808 superior
385 2713 531 2781 discessit
545 2738 553 2780 t
567 2737 633 2805 quo
651 2712 752 2801 facto,
764 2736 866 2803 quum
879 2736 960 2804 pene
974 2712 1083 2779 omnia
1096 2713 1130 2778 in
1145 2709 1252 2781 Sicilia

222 2835 315 2904 Poeni
334 2834 529 2920 amisissent,
548 2830 601 2900 ille
617 2836 755 2926 Erycem
769 2833 815 2899 sic
834 2830 992 2919 defendit,
1014 2845 1051 2898 ut
1071 2829 1193 2899 bellum
1213 2857 1252 2901 eo

221 2955 294 3025 loco
302 2968 430 3051 gestum
438 2977 507 3020 non
519 2951 692 3019 videretur.
702 2952 836 3019 Interim
846 2951 1140 3044 Carthaginienses,
1151 2949 1252 3028 classe

222 3077 311 3168 apud
329 3073 450 3144 insulas
471 3073 600 3162 AEgates
618 3093 637 3136 a
658 3073 695 3138 C.
716 3071 849 3138 Lutatio
871 3067 1003 3137 consule
1026 3073 1250 3140 Romanorum

223 3196 381 3288 superati,
401 3205 586 3262 statuerunt
607 3186 682 3255 belli
700 3187 797 3254 finem
818 3186 935 3268 facere,
955 3211 1089 3279 eamque
1109 3213 1179 3258 rem
1198 3217 1251 3259 ar·

222 3313 320 3380 bitrio
334 3313 552 3406 permiserunt
563 3305 764 3380 Hamilcaris.
779 3305 850 3393 Ille,
862 3307 922 3375 etsi
932 3306 1094 3401 flagrabat
1109 3307 1250 3377 bellandi

134 3511 137 3520 ¹
222 3430 419 3524 cupiditate,
441 3444 549 3497 tamen
579 3431 650 3523 paci
678 3427 881 3497 serviendum
906 3429 1051 3521 putavit3
1077 3427 1166 3518 quod
1191 3451 1249 3520 pa·

223 3549 337 3631 triam,
358 3548 547 3615 exhaustam
568 3546 770 3640 sumptibus,
792 3545 913 3613 diutius
936 3531 1151 3612 calamitatem
1174 3543 1250 3613 belli

223 3665 307 3733 ferre
331 3690 398 3733 non
424 3690 518 3758 posse
538 3664 736 3758 intelligebat
762 3690 770 3732 :
796 3665 850 3732 sed
871 3666 931 3750 ita,
950 3677 989 3730 ut
1013 3647 1121 3731 statim
1143 3633 1250 3732 mente

222 3786 375 3876 agitaret,
394 3784 420 3850 si
438 3780 573 3875 paulum
591 3781 689 3850 modo
708 3807 759 3850 res
776 3797 883 3850 essent
898 3781 1039 3868 refectae,
1058 3780 1179 3848 bellum
1199 3806 1249 3848 re·

222 3927 359 3985 novare,
377 3905 607 3994 Romanosque
623 3903 720 3970 armis
737 3902 901 3995 persequi,
918 3900 1070 3968 donicum
1088 3914 1146 3967 aut
1164 3914 1249 3968 certe

224 4023 389 4110 vicissent,
407 4035 465 4089 aut
481 4021 559 4087 victi
576 4045 692 4086 manus
710 4019 881 4087 dedissent.
898 4024 969 4086 Hoc
986 4014 1120 4085 consilio
1139 4042 1248 4111 pacem

224 4141 407 4212 conciliavit
425 4167 433 4208 :
453 4141 486 4207 in
503 4163 569 4232 qua
585 4153 675 4206 tanta
693 4133 755 4204 fuit
772 4136 906 4224 ferocia,
924 4151 977 4223 ut,
994 4161 1095 4229 quum
1114 4135 1250 4206 Catulus
