3210 5036
622 489 819 545 mumma
933 549 938 558 ,
980 524 982 528 ⁷
1181 510 1234 565 η,

210 630 343 686 narratas
355 627 519 709 serpentes
531 615 621 682 vivas
635 613 762 708 colligi,
774 639 893 707 easque
905 615 939 682 in
951 615 1149 687 vasa·fictilia
1160 642 1249 688 conv

206 737 273 828 jici.
303 738 430 802 Harum
455 757 558 825 quum
585 733 776 801 confecisset
799 757 951 826 magnam
980 732 1238 826 multitudinem,

210 855 263 923 die
287 855 365 947 ipso.
381 876 449 944 quo
472 851 618 920 facturus
637 867 707 921 erat
730 851 844 922 navale
865 851 1030 946 proelium,
1059 851 1238 925 classiarios

210 985 383 1058 convocat,
402 972 519 1062 hisque
537 972 705 1065 praecipit,
728 996 847 1066 omnes
860 987 898 1039 ut
917 972 952 1039 in
968 995 1068 1039 unam
1083 975 1239 1042 Eumenis

211 1091 294 1185 regis
306 1104 506 1160 concurrant
518 1113 648 1176 navem,
665 1091 809 1158 aceteris
821 1103 948 1158 tantum
963 1091 1038 1158 satis
1050 1091 1191 1177 habeant
1206 1115 1240 1160 se

211 1209 397 1296 defendere3
417 1209 451 1276 id
471 1208 564 1277 facile
587 1201 658 1277 illos
678 1211 878 1302 serpentium
896 1207 1106 1278 multitudine
1126 1233 1240 1278 conse·

211 1344 356 1398 cuturos.
375 1331 446 1418 Rex
459 1342 568 1395 autem
583 1329 617 1394 in
635 1352 700 1420 qua
717 1351 799 1395 nave
810 1328 993 1414 veheretur,
1008 1342 1046 1395 ut
1057 1329 1191 1412 scirent,
1207 1353 1241 1396 se

211 1448 396 1517 facturum:
413 1470 510 1540 quem
527 1448 554 1515 si
570 1460 628 1514 aut
642 1447 816 1538 cepissent,
834 1459 892 1513 aut
908 1444 1156 1535 interfecissent,
1172 1471 1241 1515 ma-

212 1589 278 1659 gno
295 1566 346 1634 his
364 1564 537 1660 pollicetur
552 1565 685 1659 praemio
702 1563 781 1632 fore.

259 1687 317 1754 XI.
343 1683 414 1754 Tali
433 1685 659 1754 cohortatione
676 1682 818 1751 militum
838 1683 938 1769 facta,
957 1681 1066 1752 classis
1083 1685 1125 1753 ab
1143 1685 1242 1754 utris-

211 1806 322 1897 quein
334 1803 486 1898 proelium
498 1803 680 1873 deducitur.
694 1804 845 1891 Quarum
855 1802 923 1870 acie
934 1804 1126 1892 constituta,
1137 1805 1244 1898 prius-

213 1947 312 2015 quam
326 1924 455 2016 signum
466 1946 586 2018 pugnae
599 1921 742 2008 daretur,
758 1919 940 2009 Hannibal,
952 1936 989 1989 ut
1003 1920 1110 2016 palam
1124 1921 1244 1992 faceret

213 2043 299 2128 suis,
312 2065 379 2133 quo
392 2039 465 2111 loco
480 2045 642 2110 Eumenes
655 2053 756 2128 esset,
769 2038 971 2118 tabellarium
986 2041 1020 2107 in
1034 2041 1154 2134 scapha
1166 2065 1243 2109 cum

212 2159 354 2228 caduceo
367 2161 488 2228 mittit:
502 2161 559 2252 qui
573 2160 631 2227 ubi
642 2158 684 2227 ad
696 2183 794 2227 naves
806 2159 1064 2228 adversariorum
1078 2162 1243 2253 pervenit,

151 2331 155 2338 .
211 2277 382 2373 epistolam
393 2279 585 2365 ostendens,
599 2303 632 2348 se
643 2302 752 2372 regem
764 2278 928 2372 professus
942 2293 991 2346 est
1002 2303 1155 2372 quaerere.
1172 2282 1244 2349 Sta·

211 2399 270 2466 tim
296 2397 337 2466 ad
359 2402 540 2467 Eumenem
563 2397 722 2465 deductus
746 2412 814 2484 est,
840 2397 929 2490 quod
954 2423 1049 2465 nemo
1073 2398 1244 2468 dubitabat
1286 2402 1289 2408 ’

211 2514 334 2610 aliquid
350 2518 391 2585 de
400 2541 482 2612 pace
493 2541 562 2585 esse
578 2518 745 2610 scriptum.
761 2515 979 2603 Tabellarius,
995 2516 1086 2585 ducis
1096 2541 1179 2586 nave
1189 2517 1244 2586 do

210 2635 331 2705 clarata
346 2639 429 2724 suis,
445 2636 575 2723 eodem,
593 2635 682 2704 unde
698 2636 793 2724 ierat,
808 2661 841 2704 se
858 2637 990 2731 recepit.
1004 2640 1049 2706 nt
1063 2640 1243 2725 Eumenes,

211 2754 318 2826 soluta
332 2754 487 2850 epistola,
503 2752 585 2823 nihil
601 2756 636 2823 in
652 2779 691 2823 ea
704 2757 844 2849 reperit,
860 2756 923 2823 nisi
940 2755 1028 2848 quod
1045 2755 1087 2823 ad
1106 2755 1243 2824 irriden-
1288 2841 1295 2847 ι

211 2873 290 2943 dum
309 2900 384 2944 eum
406 2876 593 2969 pertineret.
615 2874 719 2966 Cujus
739 2875 799 2942 etsi
819 2898 949 2942 causam
968 2875 1167 2962 mirabatur,
1186 2901 1244 2943 ne-

210 3018 275 3086 que
291 2995 523 3086 reperiebatur,
539 3009 648 3061 tamen
665 2991 817 3086 proelium
834 2993 942 3061 statim
958 2981 1159 3062 committere
1174 3019 1243 3064 uon

212 3111 383 3180 dubitavit.
402 3115 530 3182 Horum
549 3114 584 3180 in
602 3136 765 3180 concursu
783 3112 932 3206 Bithyni,
949 3110 1141 3181 Hannibalis
1160 3139 1242 3206 prae-

211 3244 324 3324 cepto,
340 3231 481 3298 universi
494 3255 609 3299 navem
622 3231 778 3299 Eumenis
793 3229 1009 3298 adoriuntur:
1022 3255 1163 3323 quorum
1176 3234 1241 3299 vim

211 3373 314 3441 quum
325 3373 383 3416 rex
398 3349 557 3417 sustinere
568 3374 635 3417 non
648 3364 771 3442 posset,
784 3349 862 3442 fuga
873 3347 1009 3417 salutem
1021 3350 1129 3442 pediu
1142 3373 1241 3442 quam

211 3482 404 3536 consecutus
420 3493 487 3536 non
505 3483 604 3555 esset,
623 3470 685 3536 uisi
702 3470 790 3536 intra
807 3493 865 3536 sua
885 3468 1034 3563 praesidia
1051 3492 1085 3536 se
1101 3470 1241 3562 recepis-

211 3601 274 3675 set,
291 3611 363 3679 quae
382 3588 415 3653 in
432 3587 583 3679 proximo
602 3584 697 3654 litore
711 3601 805 3655 erant
820 3585 986 3656 collocata.
1003 3585 1148 3680 Reliquae
1162 3591 1240 3657 Per-

211 3731 354 3800 gamenae
378 3729 477 3774 naves
496 3729 599 3798 quum
619 3703 820 3774 adversarios
839 3720 1025 3799 premerent
1045 3707 1166 3793 acrius,
1188 3733 1240 3776 re-

211 3840 307 3917 pente
329 3826 363 3892 in
386 3849 438 3892 eas
462 3848 539 3892 vasa
562 3822 692 3910 fictilia,
715 3823 755 3892 de
779 3825 899 3916 quibus
912 3831 1017 3918 ‘supra
1041 3827 1237 3894 me’ntionem

211 3940 361 4034 lecimus,
379 3942 496 4035 conjici
513 3955 620 4034 coepta
637 3956 714 4009 sunt
731 3967 739 4010 :
761 3967 833 4034 quae
845 3943 933 4035 jacta
951 3944 1044 4011 initio
1057 3945 1159 4012 risum
1176 3969 1238 4038 pu·

212 4064 385 4151 gnautibus
408 4063 609 4150 excitarunt,
632 4083 709 4148 nec,
727 4085 828 4153 quare
851 4061 885 4128 id
905 4062 1014 4151 fieret,
1037 4076 1165 4156 poterat
1187 4065 1237 4132 in·
