3168 5048
601 488 877 544 EPAMINONDAS.
1215 488 1251 544 83

228 633 316 687 runt.
336 617 442 710 Hujus
460 639 536 682 casu
554 613 759 707 aliquantum
777 613 936 682 retardati
955 628 1031 683 sunt
1045 616 1160 684 Boeotii
1172 641 1182 704 ;
1196 641 1254 682 ne·

229 762 294 830 que
311 751 419 804 tamen
437 735 528 827 prius
545 757 655 827 pugna
674 747 902 820 excesserunt,
920 757 1019 824 quam
1037 749 1256 828 repugnantes

231 853 456 948 profligarunt.
489 853 533 919 At
567 851 812 943 Epaminondas
844 876 947 944 quum
983 852 1258 922 animadverteret

232 970 435 1039 mortiferum
460 993 500 1056 se
524 967 645 1037 vulnus
669 971 852 1062 accepisse,
879 968 1057 1062 simulque,
1082 973 1108 1039 si
1135 971 1257 1040 ferrum

232 1088 321 1182 quod
343 1114 382 1156 ex
399 1087 510 1156 hastili
530 1089 566 1155 in
589 1110 727 1180 corpore
743 1101 945 1178 remanserat
966 1090 1171 1176 extraxisset,
1191 1093 1260 1158 ani-

231 1232 320 1274 mam
347 1209 458 1274 statim
485 1207 704 1290 emissurum,
730 1230 833 1297 usque
853 1231 892 1274 eo
917 1208 1055 1274 retinuit
1081 1189 1196 1300 quoad
1211 1234 1261 1276 re-

232 1327 423 1394 nuntiatum
448 1341 498 1394 est
528 1327 644 1394 vicisse
671 1326 823 1392 Boeotios.
848 1324 889 1393 Id
917 1340 1092 1419 postquam
1117 1327 1259 1394 audivit:

234 1446 360 1530 «Satis,
376 1445 499 1536 inquit,
516 1445 602 1531 vixi;
619 1444 762 1510 invictus
776 1444 864 1510 enim
878 1445 1042 1512 morior.»
1057 1447 1158 1532 Tum,
1170 1444 1264 1513 ‘ferro

235 1574 402 1643 extracto,
420 1561 593 1629 confestim
611 1562 814 1629 exanimatus
834 1576 892 1630 est.

284 1683 325 1748 X.
345 1682 409 1748 Hic
426 1704 562 1748 uxorem
577 1704 748 1772 nunquam
765 1680 868 1747 duxit.
889 1683 929 1747 In
945 1705 1013 1772 quo
1031 1657 1134 1772 quum
1153 1705 1265 1774 reprc-

236 1796 555 1894 henderetur[quod
564 1797 685 1866 liberos
697 1823 763 1874 non
771 1797 1267 1897 relinqueret]aPelopida,qui

238 1915 344 1985 filium
357 1917 500 1985 habebat
515 1917 685 2002 infamem3
700 1915 851 2009 maleque
868 1941 943 1984 eum
958 1919 994 1984 in
1004 1941 1043 1984 eo
1059 1919 1175 2010 patriae
1189 1942 1268 1985 con·

140 2082 142 2085 -
235 2035 346 2103 -sulere
362 2036 492 2104 ‘diceret
507 2060 514 2102 :
528 2035 656 2123 «Vide,
674 2037 797 2128 inquit,
812 2059 854 2102 ne
866 2050 902 2103 tu
918 2037 1011 2128 pejus
1024 2034 1190 2124 consulas,
1211 2038 1268 2128 qui

240 2153 338 2221 talem
356 2179 396 2221 ex
412 2168 568 2223 tenatum
581 2145 757 2240 relicturus
772 2155 824 2222 sis.
845 2139 960 2244 Neque
976 2178 1057 2240 vero·
1071 2155 1169 2248 stirps
1187 2157 1269 2223 mihi

182 2305 184 2312 >
241 2287 349 2364 potest
374 2273 504 2359 deesse;
522 2297 665 2366 namque
690 2297 730 2340 ex
750 2296 804 2340 me
824 2287 935 2340 natam
956 2271 1107 2363 relinquo
1123 2297 1270 2366 pugnam

242 2394 464 2477 Leuctricam,
487 2416 558 2484 quae
581 2417 647 2459 non
669 2390 768 2459 modo
789 2391 870 2458 mihi
883 2405 1066 2482 superstes,
1088 2389 1145 2458 sed
1171 2391 1270 2458 etiam

243 2510 437 2578 immortalis
450 2513 492 2579 sit
504 2535 636 2579 necesse
649 2524 707 2578 est.
719 2539 735 2574 s>
743 2511 821 2597 Quo
834 2522 995 2601 tempore,
1009 2509 1091 2576 duce
1101 2505 1271 2601 Pelopida,

243 2628 369 2697 exsules
384 2629 513 2697 Thebas
529 2643 750 2722 occuparunt,
768 2643 801 2696 et
810 2626 998 2720 praesidium
1008 2628 1271 2696 Lacedaemonio·

214 2781 216 2784 ·
243 2773 375 2816 rumex
401 2773 477 2816 arce
496 2746 710 2841 expulerunt,
730 2747 990 2840 Epaminondas,
1010 2747 1168 2839 quamdiu
1186 2747 1273 2816 facta
1360 2733 1367 2744 .

245 2883 291 2935 est
320 2868 424 2935 cades
447 2869 587 2955 civium,
608 2868 708 2936 domo
729 2893 762 2936 se
786 2869 913 2953 tenuit;
934 2867 1023 2961 quod
1045 2892 1153 2960 neque
1170 2867 1274 2937 malos

246 2986 424 3054 defendere
444 2986 574 3055 volebat
593 3013 699 3081 neque
716 2989 924 3081 impugnare,
943 3012 985 3055 ne
1004 3011 1120 3054 manus
1138 3011 1274 3055 suorum

246 3106 404 3198 sanguine
420 3119 607 3173 cruentaret
624 3131 632 3172 ε
647 3131 790 3198 namque
805 3131 936 3173 omnem
955 3105 1084 3174 civilem
1102 3104 1275 3174 victoriam

247 3224 412 3292 funestam
431 3225 577 3316 putabat.
592 3223 701 3312 Idem,
720 3239 896 3316 postquam
913 3223 1001 3316 apud
1018 3223 1197 3292 Cadmeam
1213 3249 1275 3317 pu·
1314 3219 1315 3222 ¹

248 3345 341 3436 gnari
362 3368 438 3411 cum
459 3343 714 3412 lacedaemoniis
738 3345 850 3436 coepit,
868 3344 902 3410 in
921 3345 1036 3434 primis
1052 3344 1152 3410 stetit.
1169 3343 1277 3434 Hujus

159 3453 162 3462 λ
246 3460 289 3528 de
309 3462 485 3529 virtutibus
500 3464 634 3554 vitaque
651 3463 728 3529 satis
745 3463 807 3530 erit
821 3462 962 3548 dictum,
980 3463 1007 3528 si
1021 3461 1086 3529 hoc
1101 3477 1206 3528 unum
1221 3461 1277 3528 ad-

247 3583 408 3673 junxero,
425 3581 515 3673 quod
533 3605 631 3648 nemo
653 3594 707 3648 eat
727 3581 868 3668 inficias,
890 3581 1019 3648 Thebas
1043 3593 1076 3647 et
1098 3595 1174 3647 ante
1193 3583 1278 3673 Epa·

218 3749 221 3756 ·
249 3698 439 3767 minondam
449 3713 578 3784 natum,
590 3713 623 3766 et
633 3713 709 3790 post
722 3700 792 3791 ejus
804 3701 1162 3792 interitum,perpetuo
1172 3697 1278 3767 alieno

250 3818 397 3910 paruisse
417 3817 569 3909 imperio;
587 3830 702 3886 contra
720 3843 776 3905 ea,
792 3818 950 3910 quamdiu
964 3816 1019 3886 ille
1035 3817 1204 3911 praefirerit
1215 3795 1279 3885 rei-

251 3936 407 4030 publicae,
420 3951 518 4030 caput
535 3937 634 4005 fuisse
647 3939 747 4006 totius
762 3940 897 4008 Graeciae
913 3963 920 4005 :
935 3962 975 4006 ex
988 3961 1056 4030 quo
1065 3934 1203 4028 intelligi
1221 3960 1280 4029 po·

252 4070 332 4142 test,
353 4078 457 4124 unum
476 4055 644 4122 hominem
665 4055 768 4149 pluris
788 4081 887 4149 quma
909 4059 1075 4124 civitatem
1101 4054 1210 4122 fuisse.
1292 4125 1302 4138 ,

1046 4170 1141 4267 ,θ’
