3114 5032
309 471 364 540 ‚n
577 465 627 522 an
647 464 873 522 consensu
893 465 1074 521 uaroreu

308 601 425 662 utraque
446 586 547 654 lectio,
560 603 647 660 quum
664 583 765 658 cuique
782 583 904 653 divitiis,
920 583 1105 640 neminivero
1119 584 1282 657 eloquentia
1306 603 1372 639 ce-

308 681 387 737 leber
406 677 584 758 Hipponicus
601 676 755 746 habeatur3
770 676 876 750 quippe
895 674 944 749 qui
968 672 1033 730 filiae
1052 675 1151 731 decem
1170 677 1372 734 talentorum

309 772 404 827 dotem
423 769 539 844 largitus
557 769 602 824 sit.

347 867 412 922 cas.
422 864 471 918 IV.
482 863 546 918 Non
554 878 661 934 parere
672 860 769 918 noluit.
786 861 937 934 Perperam
950 859 999 916 alii
1012 885 1024 912 a
1035 879 1095 916 non
1106 879 1208 934 parere
1217 861 1327 918 voluit.
1352 885 1367 910 s

310 959 356 1017 ste
380 956 456 1013 enim
477 953 580 1028 legitur
601 951 678 1027 apud
698 953 834 1028 Polym,
854 953 905 1008 lib.
932 972 944 1007 ι
969 952 1143 1021 :inscitiae
1164 963 1213 1013 ἀπὸ
1239 963 1369 1021 bustiae

310 1057 421 1128 ἀναχθεὶς
437 1055 478 1109 lari
493 1056 536 1112 τὴν
557 1055 632 1124 spirtu
649 1060 697 1106 rin
717 1053 837 1124 arpinis
857 1056 933 1123 lppiss
953 1052 996 1106 nal
1015 1061 1062 1104 τῶν
1083 1055 1229 1123 μυστηρίων.
1379 1059 1381 1062 ’

355 1143 473 1198 Thurios
488 1140 517 1194 in
531 1139 655 1195 Italum.
674 1137 832 1207 Thurium,
849 1137 906 1192 alio
924 1136 1041 1194 nomine
1063 1137 1192 1211 Sybaris,
1210 1137 1363 1210 oppidum

312 1236 400 1292 ltaliae
416 1235 445 1288 in
464 1230 594 1288 Calabria
606 1230 754 1298 Citeriori3
770 1230 806 1285 de
821 1229 965 1302 quonihil
982 1239 1070 1284 restat
1085 1230 1185 1298 hodie,
1201 1229 1257 1285 nisi
1272 1249 1362 1303 quae-

313 1329 378 1384 dam
394 1323 514 1398 vestigia
531 1324 562 1378 iu
579 1324 643 1377 loco
662 1322 707 1377 cui
724 1339 830 1376 nomen
845 1332 887 1376 est
903 1323 987 1376 Tarae
1004 1323 1054 1376 del
1072 1321 1158 1394 Capo.

354 1419 478 1475 Elidem.
496 1415 568 1484 Elis,
585 1415 655 1471 urbs
673 1425 701 1469 et
718 1413 799 1487 regio
817 1413 1021 1488 Peloponnesi3
1033 1413 1122 1468 hodie
1143 1413 1301 1481 Carmani,
1321 1433 1362 1468 en

314 1515 423 1571 Marce.
667 1517 674 1524 '

360 1603 479 1659 Thebas.
499 1600 618 1669 Thebae,
637 1608 720 1672 caput
737 1597 867 1666 neom
886 1597 973 1654 hodie
996 1598 1085 1654 Thiva
1095 1641 1105 1666 ,
1124 1618 1160 1654 en
1176 1601 1301 1655 Iiuadie.

357 1695 513 1749 Deceliam.
529 1691 679 1748 Castellum
702 1689 821 1759 Atticae,
844 1691 923 1764 quod
945 1691 982 1746 ab
1001 1691 1119 1747 Athenis
1144 1691 1246 1765 viginti
1264 1691 1359 1746 stadia

318 1785 449 1842 distabat.
476 1784 522 1838 De
548 1782 664 1838 Decelia
690 1782 729 1836 sic
752 1782 840 1838 habet
865 1792 1011 1837 enarrator
1036 1782 1234 1856 Aristophan,
1259 1784 1358 1850 llam,

319 1888 371 1933 act.
393 1896 421 1945 v,
439 1881 509 1942 suli
532 1895 539 1930 τ
557 1887 575 1941 ἡ
590 1879 621 1935 ii
643 1883 757 1936 Δαίλιια
774 1882 843 1952 χώρα
863 1884 885 1934 is
900 1874 1008 1952 Ᾰττικῇ,
1026 1877 1054 1942 ἧς
1074 1885 1234 1952 τιιχισθιίσης
1247 1885 1326 1954 μέγας
1348 1886 1360 1934 ὁ

319 1973 428 2036 κίνδυνος
440 1968 565 2036 hin-ociose
580 1977 614 2045 μὴ
629 1970 771 2044 δυναμένοις
785 1974 891 2035 (ξελθεῖν.

359 2063 425 2116 Car.
435 2063 470 2115 V.
484 2060 575 2133 Apud
591 2059 714 2114 Samum.
732 2061 846 2127 Samos,
862 2058 922 2114 sive
937 2059 1053 2128 Samus,
1072 2058 1163 2114 insula
1177 2069 1205 2114 et
1219 2058 1360 2131 oppidum

320 2153 422 2221 Ioniae,
441 2152 555 2225 Epheso
574 2149 638 2206 urbi
656 2160 683 2205 et
701 2151 817 2223 Mycalae
831 2151 1031 2222 promontorio
1045 2151 1171 2223 obJecta5
1185 2150 1360 2207 hodieSou-

321 2264 384 2300 sam
402 2244 516 2298 Adassi.
850 2241 854 2250 ⁵

360 2337 424 2392 Car.
443 2336 507 2389 VII.
528 2335 616 2406 Apud
634 2333 749 2406 Cymen.
771 2333 872 2407 Cyme,
892 2353 955 2407 quoe
973 2334 1088 2408 quidem
1107 2345 1135 2389 et
1151 2334 1239 2391 Curua
1259 2335 1360 2390 nomi-

246 2433 252 2442 '
322 2438 388 2486 nata
405 2437 464 2496 est,
483 2426 623 2500 oppidum
641 2437 701 2481 erat
717 2425 853 2494 AEolidis,
870 2444 962 2500 prope
979 2429 1102 2483 Lesbum
1120 2428 1257 2499 insulam;
1268 2428 1361 2484 hodie

324 2518 571 2574 sacchia-Nune.

363 2611 443 2664 Etse
452 2611 575 2682 Pactyen
588 2611 712 2666 contulit.
726 2613 882 2686 Longolius
901 2631 908 2666 ι
923 2623 975 2668 aet
988 2632 1017 2668 se
1026 2613 1192 2670 Perinthum
1201 2614 1335 2682 contulit3
1347 2636 1361 2662 a

325 2702 371 2758 cui
384 2702 577 2759 emendationi
594 2702 750 2759 Lambinus
765 2704 924 2777 acquiescit.
942 2710 979 2760 At
998 2724 1058 2761 non
1077 2706 1255 2761 Abrahamus
1274 2707 1362 2763 Orte-

324 2795 390 2863 lius,
409 2793 473 2869 qui,
487 2813 521 2851 ex
542 2793 687 2850 Ptolomaei
708 2795 837 2852 Thracia
849 2797 1049 2870 descriptione,
1072 2809 1100 2854 et
1118 2799 1260 2854 Plutarchi
1278 2801 1361 2854 Alci-

324 2879 423 2953 aude,
438 2885 508 2959 legit
526 2906 533 2939 ι
549 2888 608 2941 «Et
626 2903 655 2941 se
672 2889 802 2960 Pactyam
818 2888 952 2957 contulit,
968 2888 1065 2962 ibique
1083 2890 1136 2944 tria
1153 2891 1264 2946 castella
1279 2909 1360 2946 com-

326 2975 462 3045 munivit,
485 2977 614 3045 Bornos,
638 2977 789 3044 Bisanthcn
816 2991 844 3034 et
867 2980 1084 3036 Macrontichos.
1104 3006 1115 3031 u
1136 2982 1283 3051 Ceterum,
1302 2983 1361 3037 haec
1454 2969 1462 2988 '

327 3066 422 3121 omnia
445 3067 557 3122 castella
579 3068 610 3122 in
628 3069 746 3126 Thracia
769 3082 863 3141 erant,
882 3090 940 3126 non
958 3075 1059 3145 procul
1073 3093 1090 3130 a
1105 3075 1258 3144 Perintho,
1275 3073 1362 3130 hodie

328 3157 572 3234 Sciat-Georges,
589 3180 638 3217 seu
655 3164 784 3220 Pantiro.

677 3366 716 3413 Iri
741 3366 1008 3414 Tflnasrnutuu.

368 3536 433 3591 Cas.
452 3536 476 3592 l.
495 3531 588 3593 Multa
600 3536 647 3592 laic
661 3539 722 3593 sine
741 3539 889 3595 Alcibiade
903 3543 997 3614 gessit.
1010 3543 1077 3597 Non
1092 3561 1160 3598 sane
1176 3501 1292 3599 difficile
1305 3544 1364 3598 lue-

329 3626 368 3680 rit
385 3626 544 3700 intelligere
561 3629 707 3700 quomodo
720 3630 929 3705 Thrasybulus,
943 3635 1152 3707 Peloponnesio
1171 3636 1262 3706 bello,
1278 3637 1364 3691 multa

330 3718 390 3773 sine
403 3718 550 3774 Alcibiade
563 3721 697 3793 gesserit,
710 3722 814 3794 quippe
831 3724 881 3797 qui
896 3735 963 3782 tunc
980 3727 1115 3801 temporis
1128 3730 1208 3784 exsul
1223 3741 1304 3785 esset.

372 3807 436 3864 Cas.
450 3811 488 3866 11.
513 3812 604 3882 Quum
623 3812 734 3884 Phylen
747 3814 925 3890 confugisset.
944 3819 1045 3892 Phyle,
1058 3821 1202 3876 castellum
1220 3823 1366 3895 Tanagriae

332 3900 498 3974 finitimum,
516 3915 627 3959 centum
641 3905 753 3975 stadiis,
772 3918 841 3962 teste
856 3910 1001 3979 Diodoro,
1021 3912 1128 3968 distans
1141 3915 1268 3970 Athenis.

369 3993 602 4070 Munichiamque
620 3998 739 4082 munivit.
759 4001 917 4071 Munichia,
935 4004 1108 4060 Athenarum
1122 4017 1230 4080 portus.

376 4087 442 4142 Car.
465 4088 516 4141 lv.
537 4089 627 4160 Quum
647 4092 676 4144 ei
695 4092 861 4165 Mitylenaei.
881 4095 1035 4170 Mitylene,
1056 4093 1140 4172 caput
1164 4099 1248 4155 Lesbi
1268 4100 1363 4154 insulae
