3168 5048
624 515 827 572 Hatsstcaa.
1185 533 1240 591 119

212 639 389 725 formosus,
401 637 602 727 Hasdrubal;
615 664 712 731 quem
722 638 874 709 nonnulli
885 637 976 732 diligi
985 640 1129 734 turpius,
1143 665 1242 733 quam

213 781 274 851 par
285 771 370 846 erat,
383 757 425 826 ab
438 756 638 845 Hamilcare,
653 755 873 850 loquebantur
888 783 896 824 ε
911 758 1079 826 nonenim
1095 756 1244 827 maledici

214 889 307 943 tanto
321 853 392 943 viro
406 875 514 944 deesse
527 890 690 968 poterant.
705 874 783 963 Quo
796 875 917 944 factum
931 890 994 962 est,
1008 889 1047 944 ut
1060 875 1245 970 apraefecto

215 1017 346 1060 morum
359 991 543 1061 Hasdrubal
562 1017 637 1061 cum
653 1018 692 1061 eo
707 1007 870 1062 vetaretur
886 1018 964 1062 esse.
979 992 1132 1062 Huicille
1145 992 1246 1062 liliam

216 1135 309 1180 suam
322 1111 357 1178 in
376 1111 620 1180 matrimonium
643 1110 748 1199 dedit,
765 1111 855 1204 quod
871 1111 1018 1180 moribus
1039 1135 1154 1180 eorum
1178 1135 1246 1208 non

217 1243 346 1323 poterat
364 1229 513 1297 interdici
539 1253 650 1297 socero
672 1252 781 1322 gener.
802 1234 854 1298 De
872 1229 936 1300 hoc
956 1229 1028 1297 ideo
1047 1228 1247 1297 mentionem

216 1347 366 1435 fecimus,
385 1347 489 1440 quod,
509 1333 693 1416 Hamilcare
711 1349 833 1435 occiso,
852 1346 905 1416 ille
925 1335 1079 1416 exercitui
1101 1347 1249 1442 praefirit,

217 1491 334 1558 resque
347 1489 481 1558 magnas
495 1467 607 1559 gessit;
621 1479 655 1533 et
667 1467 818 1561 princeps
835 1465 1006 1560 largitione
1019 1479 1165 1534 vetustos
1179 1489 1250 1558 per·

219 1585 318 1652 vertit
329 1608 436 1652 mores
450 1584 783 1677 Carthaginiensium
801 1583 1009 1677 ejusdemque
1022 1597 1249 1679 postmortem

220 1700 384 1771 Hannibal
402 1703 443 1768 ab
457 1702 600 1771 exercitu
617 1704 742 1798 accepit
754 1703 937 1796 imperium.

268 1823 328 1890 IV.
344 1822 389 1888 At
405 1818 583 1907 Hamilcar,
596 1835 807 1916 posteaquam
822 1845 912 1888 mare
925 1821 1070 1909 transiit,
1084 1822 1119 1890 in
1135 1822 1252 1915 Hispa·

221 1939 374 2032 uiamque
385 1938 490 2024 venit,
503 1961 638 2030 magnas
652 1963 702 2006 res
720 1939 862 2007 secunda
876 1940 973 2032 gessit
985 1938 1119 2008 fortuna
1133 1965 1142 2006 :
1154 1939 1253 2038 mani·

220 2081 290 2126 mas
308 2055 629 2148 bellicosissimasque
647 2071 758 2150 gentes
778 2057 930 2152 subegit:
948 2059 1055 2150 equis,
1073 2058 1187 2145 armis,
1204 2057 1252 2126 vi·

221 2174 283 2263 ris,
303 2175 456 2268 pecunia,
477 2187 580 2242 totam
601 2172 813 2269 locupletavit
832 2173 985 2244 Africam.
1009 2175 1071 2242 Hic
1096 2199 1198 2267 quum
1218 2175 1252 2242 in

221 2291 350 2362 Italiam
383 2291 506 2360 bellum
535 2290 654 2362 inferre
683 2293 916 2380 meditaretur„
945 2317 1033 2362 nono
1064 2317 1151 2360 anno
1178 2307 1253 2385 post

222 2433 320 2503 quam
339 2411 373 2478 iu
389 2411 580 2508 Hispaniam
596 2426 745 2496 venerat,
764 2412 797 2480 in
819 2409 951 2504 proelio,
971 2435 1121 2504 pugnans
1139 2409 1253 2478 adver·

222 2554 278 2610 sus
295 2532 469 2615 Vettones,
488 2530 614 2598 occisus
629 2544 687 2598 est.
707 2529 815 2622 Hujus
833 2543 1028 2623 perpetuum
1046 2528 1158 2596 odium
1176 2551 1254 2620 erga

172 2650 174 2654 ’
222 2652 390 2717 Romanos
413 2650 553 2716 maxime
574 2650 752 2718 concitasse
776 2646 906 2717 videtur
930 2627 1254 2738 secundumbellum

222 2767 401 2835 Poenicum.
420 2769 572 2860 Namque
591 2765 770 2856 Hannibal,
789 2767 875 2835 filius
895 2768 981 2862 ejus,
999 2765 1254 2861 assiduispatris

224 2877 496 2955 obtestationibus
513 2910 552 2955 eo
569 2900 619 2954 est
635 2887 830 2981 perductus,
851 2901 889 2956 ut
906 2887 1054 2976 interire,
1071 2909 1170 2978 quam
1186 2887 1253 2954 Ro·

226 3029 340 3102 manos
358 3030 425 3074 non
441 3007 597 3100 experiri,
613 3003 733 3078 mallet.
