3168 5048
610 443 774 499 amous.
1021 477 1023 482 .
1151 427 1201 510 ili

177 573 257 640 mini
281 595 349 640 uon
366 571 410 670 ibi
435 583 594 664 perpetuo
613 567 767 637 manendi
786 582 929 663 potestas
949 567 1034 638 facta
1055 585 1112 638 est.
1137 570 1206 659 Qui

176 691 277 784 etiam
294 705 370 784 post
386 686 535 783 proelium
551 686 776 781 Philippense,
794 688 1029 781 interitumque
1046 692 1083 757 C.
1103 691 1207 759 Cassii

179 825 213 878 et
229 813 275 878 M.
298 810 408 895 Bruti,
436 811 476 876 L.
505 805 630 877 Juliom
655 805 824 876 Mocillam
850 809 1113 901 praetorium,'et
1137 810 1207 902 ej'us

181 927 301 1016 filium,
321 926 509 1020 Aulumque
528 930 748 1020 Torquatum,
776 940 964 1019 ceterosque
983 912 1056 1020 'pari
1077 926 1210 996 fortuna

114 1047 119 1062 ⁵
180 1045 368 1141 perculsos,
389 1047 567 1128 instituerit
588 1047 690 1134 tueri,
716 1059 814 1139 atque
839 1069 879 1114 ex
902 1047 1003 1140 Epiro
1028 1046 1079 1114 his
1101 1048 1210 1114 omnia

181 1167 439 1236 Samothraciam
473 1167 661 1260 supportari
684 1151 828 1257 jusserit.
856 1163 996 1234 Difficile
1025 1181 1075 1234 est
1102 1167 1212 1234 omnia
1271 1225 1272 1230 ,
1386 1235 1391 1242 ,

181 1287 352 1381 persequi,
370 1299 403 1370 et
431 1310 499 1353 nou
522 1283 713 1354 necessaria.
734 1282 822 1353 Illud
842 1309 945 1352 unum
967 1283 1104 1382 intelligi
1116 1282 1212 1353 volu·

183 1431 273 1493 mus,
289 1403 376 1474 illius
394 1403 623 1473 liberalitatem
640 1428 746 1496 neque
760 1404 1005 1498 temporariam,
1024 1427 1133 1496 neque,
1147 1401 1213 1472 cal-

185 1524 284 1618 lidam
309 1524 417 1594 fuisse.
444 1524 484 1593 Id
506 1549 546 1610 ex
569 1524 647 1617 ipsis
672 1522 770 1591 rebus
788 1547 827 1590 ac
845 1523 1047 1616 temporibus
1071 1523 1213 1615 judicari

185 1659 312 1740 potest,
330 1643 420 1738 quod
438 1668 505 1713 uon
526 1641 719 1713 florentibus
739 1667 772 1710 sc
789 1641 988 1730 venditavit,
1009 1642 1071 1711 sed¹
1086 1643 1214 1711 afflictis

188 1788 315 1859 semper
332 1763 503 1831 succurrit.
521 1762 591 1849 Qui
608 1761 740 1854 quidem
757 1759 941 1848 Serviliam,
957 1762 1051 1830 Bruti
1066 1776 1214 1849 matrem,

189 1907 257 1974 nou
281 1881 390 1950 minus
413 1895 489 1974 post
515 1895 654 1948 mortem
673 1881 759 1971 ejus,
779 1904 878 1973 quam
896 1871 1049 1969 florente,
1067 1878 1214 1949 coluerit.

190 2003 243 2070 Sic
261 1999 454 2070 liberalitate
468 2014 583 2087 utens,
599 1997 705 2067 nullas
726 2000 910 2068 iuimicitias
929 2002 1042 2096 gessit,
1056 2001 1145 2092 quod
1162 2026 1217 2070 ne-

192 2146 255 2214 que
273 2119 410 2189 laedebat
432 2143 644 2213 quemquam,
665 2142 790 2211 neque,
812 2119 968 2211 siquam
989 2120 1142 2216 injuriam
1165 2145 1217 2190 ac·

190 2254 338 2338 ceperat,
351 2237 493 2308 malebat
507 2236 640 2325 ulcisci,
654 2221 753 2330 quam
766 2235 923 2306 oblivisci.
939 2238 1029 2307 Idem
1040 2238 1216 2310 immortali

194 2357 350 2446 memoria
371 2371 524 2452 percepta
543 2356 704 2425 retinebat
723 2355 900 2444 heneficia3
918 2381 991 2450 quae
1012 2372 1121 2426 autem
1149 2359 1227 2453 ipse¹

194 2451 369 2565 tribuerat,
382 2476 508 2558 tamdiu
522 2475 733 2564 meminerat,
746 2475 855 2569 quoad
869 2474 923 2544 ille
939 2492 1053 2570 gratus
1064 2492 1148 2566 erat,
1161 2480 1219 2571 qui

195 2585 372 2691 acceperat.
396 2600 511 2690 Itaque
534 2598 589 2665 hic
615 2595 706 2688 fecit,
733 2610 770 2664 ut
796 2620 872 2664 vere
897 2589 1021 2664 dictum
1049 2583 1217 2666 videatur:

196 2717 280 2784 «Sui
306 2716 424 2808 cuique
452 2741 559 2784 mores
588 2715 720 2809 fingunt
745 2715 948 2796 fortunam.»
972 2714 1086 2808 Neque
1112 2731 1219 2812 tamen

197 2836 288 2929 prius
306 2833 358 2902 ille
374 2835 558 2922 fortunam,
573 2859 672 2927 quam
691 2857 725 2902 se
745 2835 830 2929 ipsc,
845 2833 940 2901 finxit
957 2859 965 2900 ε
984 2835 1042 2926 qui
1061 2837 1161 2925 cavit,
1180 2861 1220 2904 ne

197 2954 311 3046 quain
329 2977 365 3020 re
373 2953 449 3044 jure
465 2946 670 3047 plecteretur.

245 3061 320 3139 XII.
335 3075 394 3141 His
406 3073 507 3164 igitur
521 3072 618 3140 rebus
634 3071 759 3162 effecit,
773 3088 811 3143 ut
820 3077 866 3143 rt
880 3076 1057 3169 Vipsanius
1065 3078 1222 3171 Agrippa,

200 3193 313 3261 intima
326 3189 543 3260 familiaritate
557 3193 753 3284 conjunctus
761 3191 956 3262 adolescenti
965 3198 1222 3290 Caesari,quum,

200 3327 335 3407 propter
350 3336 442 3380 suam
456 3313 592 3405 gratiam
608 3327 641 3380 et
650 3313 786 3385 Caesaris
801 3314 995 3407 potentiam,
1008 3313 1129 3402 nullius
1143 3342 1223 3383 con·

200 3433 335 3500 ditionis
354 3457 421 3500 non
442 3433 577 3502 haberet
598 3448 808 3526 potestatem,
830 3435 1035 3532 potissimum
1056 3437 1125 3528 ejus
1146 3436 1224 3505 deli·

202 3566 292 3646 geret
319 3551 525 3639 affinitatem,
549 3557 811 3646 praeoptaretque
832 3554 955 3646 equitis.
974 3557 1099 3623 romani
1125 3557 1225 3626 filiam
1282 3599 1283 3604 κ

202 3695 434 3766 generosarum
456 3673 589 3767 nuptiis.
609 3675 715 3765 Atque
732 3674 852 3744 harum·
867 3676 1057 3768 nuptiarum
1074 3676 1226 3760 concilia·

203 3808 257 3862 tor
273 3792 336 3860 fuit
349 3792 435 3888 (non
454 3805 502 3859 est
517 3793 605 3860 enim
624 3790 814 3886 celandum)
832 3796 880 3862 M.
895 3796 1058 3864 Antonius
1076 3798 1227 3866 triumvir

205 3908 389 4006 reipublicae
409 3911 665 3979 constituenda:
682 3913 776 4006 cujus
788 3915 892 4007 gratia
905 3939 1007 4007 quum
1023 3938 1142 4008 augere
1153 3943 1227 4010 pos·

206 4033 361 4105 sessiones
375 4044 485 4126 posset
499 4055 589 4119 suas,
600 4045 727 4099 tautum
736 4031 840 4100 abfuit
853 4032 1058 4126 acupiditate
1072 4038 1227 4127 pecuniae,
