<?xml version="1.0" encoding="UTF-8"?>
<!DOCTYPE html PUBLIC "-//W3C//DTD XHTML 1.0 Transitional//EN"
    "http://www.w3.org/TR/xhtml1/DTD/xhtml1-transitional.dtd">
<html xmlns="http://www.w3.org/1999/xhtml" xml:lang="en" lang="en">
 <head>
  <title>
</title>
<meta http-equiv="Content-Type" content="text/html;charset=utf-8" />
  <meta name='ocr-system' content='tesseract 3.04.00' />
  <meta name='ocr-capabilities' content='ocr_page ocr_carea ocr_par ocr_line ocrx_word'/>
</head>
<body>
  <div class='ocr_page' id='page_1' title='image "./corneliinepotio00nepogoog_0232.png"; bbox 0 0 3114 5032; ppageno 0'>
   <div class='ocr_carea' id='block_1_1' title="bbox 527 545 1200 602">
    <p class='ocr_par' dir='ltr' id='par_1_1' title="bbox 527 545 1200 602">
     <span class='ocr_line' id='line_1_1' title="bbox 527 545 1200 602; baseline 0.003 -3"><span class='ocrx_word' id='word_1_1' title='bbox 527 545 843 602; x_wconf 83' lang='lat' dir='ltr'><strong>OBSERVATIONES.</strong></span> <span class='ocrx_word' id='word_1_2' title='bbox 1144 547 1200 601; x_wconf 68' lang='lat'><strong>213</strong></span> 
     </span>
    </p>
   </div>
   <div class='ocr_carea' id='block_1_2' title="bbox 143 651 1212 1836">
    <p class='ocr_par' dir='ltr' id='par_1_2' title="bbox 175 651 1212 1197">
     <span class='ocr_line' id='line_1_2' title="bbox 214 651 1206 743; baseline 0.002 -21"><span class='ocrx_word' id='word_1_3' title='bbox 214 669 258 723; x_wconf 84' lang='lat' dir='ltr'><strong>Ita</strong></span> <span class='ocrx_word' id='word_1_4' title='bbox 270 651 402 742; x_wconf 85' lang='lat' dir='ltr'><strong>loquens,</strong></span> <span class='ocrx_word' id='word_1_5' title='bbox 416 667 534 723; x_wconf 88' lang='lat' dir='ltr'><strong>dubium</strong></span> <span class='ocrx_word' id='word_1_6' title='bbox 548 667 661 742; x_wconf 89' lang='lat' dir='ltr'><strong>reliquit</strong></span> <span class='ocrx_word' id='word_1_7' title='bbox 673 669 806 723; x_wconf 86' lang='lat' dir='ltr'><strong>lectorem</strong></span> <span class='ocrx_word' id='word_1_8' title='bbox 820 668 855 723; x_wconf 89' lang='lat' dir='ltr'><strong>de</strong></span> <span class='ocrx_word' id='word_1_9' title='bbox 871 665 1022 740; x_wconf 70' lang='lat' dir='ltr'><strong>quastione</strong></span> <span class='ocrx_word' id='word_1_10' title='bbox 1037 668 1113 724; x_wconf 87' lang='lat' dir='ltr'><strong>haud</strong></span> <span class='ocrx_word' id='word_1_11' title='bbox 1125 671 1206 743; x_wconf 87' lang='lat' dir='ltr'><strong>parvi</strong></span> 
     </span>
     <span class='ocr_line' id='line_1_3' title="bbox 175 759 1209 836; baseline 0.002 -22"><span class='ocrx_word' id='word_1_12' title='bbox 175 760 327 828; x_wconf 84' lang='lat' dir='ltr'><strong>momenti,</strong></span> <span class='ocrx_word' id='word_1_13' title='bbox 336 779 403 814; x_wconf 91' lang='lat' dir='ltr'><strong>num</strong></span> <span class='ocrx_word' id='word_1_14' title='bbox 411 760 517 815; x_wconf 88' lang='lat' dir='ltr'><strong>Atticus</strong></span> <span class='ocrx_word' id='word_1_15' title='bbox 534 759 616 815; x_wconf 86' lang='lat' dir='ltr'><strong>fuerit</strong></span> <span class='ocrx_word' id='word_1_16' title='bbox 629 759 745 815; x_wconf 79' lang='lat' dir='ltr'><strong>Athenis</strong></span> <span class='ocrx_word' id='word_1_17' title='bbox 757 760 817 832; x_wconf 85' lang='lat' dir='ltr'><strong>jam</strong></span> <span class='ocrx_word' id='word_1_18' title='bbox 829 778 863 814; x_wconf 87' lang='lat' dir='ltr'><strong>eo</strong></span> <span class='ocrx_word' id='word_1_19' title='bbox 879 769 1018 832; x_wconf 85' lang='lat' dir='ltr'><strong>tempore,</strong></span> <span class='ocrx_word' id='word_1_20' title='bbox 1032 778 1088 832; x_wconf 91' lang='lat' dir='ltr'><strong>quo</strong></span> <span class='ocrx_word' id='word_1_21' title='bbox 1101 779 1117 814; x_wconf 86' lang='lat' dir='ltr'><strong>a</strong></span> <span class='ocrx_word' id='word_1_22' title='bbox 1131 763 1209 836; x_wconf 79' lang='lat' dir='ltr'><strong>Syllo¹</strong></span> 
     </span>
     <span class='ocr_line' id='line_1_4' title="bbox 176 849 1207 909; baseline 0.004 -4"><span class='ocrx_word' id='word_1_23' title='bbox 176 851 295 905; x_wconf 86' lang='lat' dir='ltr'><strong>obsessae</strong></span> <span class='ocrx_word' id='word_1_24' title='bbox 307 860 335 904; x_wconf 90' lang='lat' dir='ltr'><strong>et</strong></span> <span class='ocrx_word' id='word_1_25' title='bbox 349 850 386 905; x_wconf 88' lang='lat' dir='ltr'><strong>ad</strong></span> <span class='ocrx_word' id='word_1_26' title='bbox 401 850 518 905; x_wconf 83' lang='lat' dir='ltr'><strong>exitium</strong></span> <span class='ocrx_word' id='word_1_27' title='bbox 530 851 649 906; x_wconf 83' lang='lat' dir='ltr'><strong>redactae</strong></span> <span class='ocrx_word' id='word_1_28' title='bbox 667 850 739 906; x_wconf 78' lang='lat' dir='ltr'><strong>sint?</strong></span> <span class='ocrx_word' id='word_1_29' title='bbox 757 849 878 906; x_wconf 89' lang='lat' dir='ltr'><strong>Cinnani</strong></span> <span class='ocrx_word' id='word_1_30' title='bbox 891 851 966 906; x_wconf 87' lang='lat' dir='ltr'><strong>enim</strong></span> <span class='ocrx_word' id='word_1_31' title='bbox 980 852 1112 906; x_wconf 88' lang='lat' dir='ltr'><strong>tumultus</strong></span> <span class='ocrx_word' id='word_1_32' title='bbox 1124 853 1207 909; x_wconf 82' lang='lat' dir='ltr'><strong>brevi</strong></span> 
     </span>
     <span class='ocr_line' id='line_1_5' title="bbox 176 941 1206 1018; baseline 0.003 -22"><span class='ocrx_word' id='word_1_33' title='bbox 176 952 240 1014; x_wconf 89' lang='lat' dir='ltr'><strong>post</strong></span> <span class='ocrx_word' id='word_1_34' title='bbox 249 943 329 1014; x_wconf 82' lang='lat' dir='ltr'><strong>Syllae</strong></span> <span class='ocrx_word' id='word_1_35' title='bbox 338 961 373 996; x_wconf 88' lang='lat' dir='ltr'><strong>ex</strong></span> <span class='ocrx_word' id='word_1_36' title='bbox 387 943 469 996; x_wconf 84' lang='lat' dir='ltr'><strong>Italia</strong></span> <span class='ocrx_word' id='word_1_37' title='bbox 485 942 636 997; x_wconf 85' lang='lat' dir='ltr'><strong>discessum</strong></span> <span class='ocrx_word' id='word_1_38' title='bbox 652 953 820 998; x_wconf 80' lang='lat' dir='ltr'><strong>exarserant.</strong></span> <span class='ocrx_word' id='word_1_39' title='bbox 834 944 906 997; x_wconf 89' lang='lat' dir='ltr'><strong>Tum</strong></span> <span class='ocrx_word' id='word_1_40' title='bbox 920 941 1016 1014; x_wconf 88' lang='lat' dir='ltr'><strong>utique</strong></span> <span class='ocrx_word' id='word_1_41' title='bbox 1034 943 1137 1015; x_wconf 84' lang='lat' dir='ltr'><strong>gratia,</strong></span> <span class='ocrx_word' id='word_1_42' title='bbox 1152 963 1206 1018; x_wconf 83' lang='lat' dir='ltr'><strong>qua</strong></span> 
     </span>
     <span class='ocr_line' id='line_1_6' title="bbox 176 1027 1212 1106; baseline 0.003 -20"><span class='ocrx_word' id='word_1_43' title='bbox 176 1032 279 1086; x_wconf 83' lang='lat' dir='ltr'><strong>Atticus</strong></span> <span class='ocrx_word' id='word_1_44' title='bbox 291 1033 404 1088; x_wconf 85' lang='lat' dir='ltr'><strong>valebat</strong></span> <span class='ocrx_word' id='word_1_45' title='bbox 418 1032 494 1106; x_wconf 88' lang='lat' dir='ltr'><strong>apud</strong></span> <span class='ocrx_word' id='word_1_46' title='bbox 511 1033 630 1106; x_wconf 88' lang='lat' dir='ltr'><strong>Syllam,</strong></span> <span class='ocrx_word' id='word_1_47' title='bbox 639 1033 790 1106; x_wconf 91' lang='lat' dir='ltr'><strong>plurimum</strong></span> <span class='ocrx_word' id='word_1_48' title='bbox 802 1033 936 1106; x_wconf 87' lang='lat' dir='ltr'><strong>prodesse</strong></span> <span class='ocrx_word' id='word_1_49' title='bbox 950 1032 1086 1104; x_wconf 90' lang='lat' dir='ltr'><strong>potuisset</strong></span> <span class='ocrx_word' id='word_1_50' title='bbox 1098 1027 1212 1089; x_wconf 72' lang='lat' dir='ltr'><strong>afflictis</strong></span> 
     </span>
     <span class='ocr_line' id='line_1_7' title="bbox 175 1111 1085 1197; baseline 0.002 -21"><span class='ocrx_word' id='word_1_51' title='bbox 175 1122 403 1193; x_wconf 79' lang='lat' dir='ltr'><strong>Atheniensibus3</strong></span> <span class='ocrx_word' id='word_1_52' title='bbox 416 1133 444 1178; x_wconf 90' lang='lat' dir='ltr'><strong>et</strong></span> <span class='ocrx_word' id='word_1_53' title='bbox 461 1111 538 1179; x_wconf 80' lang='lat' dir='ltr'><strong>tanta</strong></span> <span class='ocrx_word' id='word_1_54' title='bbox 549 1142 593 1178; x_wconf 89' lang='lat' dir='ltr'><strong>res</strong></span> <span class='ocrx_word' id='word_1_55' title='bbox 609 1123 720 1186; x_wconf 88' lang='lat' dir='ltr'><strong>silentio</strong></span> <span class='ocrx_word' id='word_1_56' title='bbox 733 1123 926 1197; x_wconf 80' lang='lat' dir='ltr'><strong>praetereunda</strong></span> <span class='ocrx_word' id='word_1_57' title='bbox 945 1138 1005 1178; x_wconf 90' lang='lat' dir='ltr'><strong>non</strong></span> <span class='ocrx_word' id='word_1_58' title='bbox 1018 1133 1085 1180; x_wconf 91' lang='lat' dir='ltr'><strong>erat.</strong></span> 
     </span>
    </p>

    <p class='ocr_par' dir='ltr' id='par_1_3' title="bbox 143 1199 1209 1836">
     <span class='ocr_line' id='line_1_8' title="bbox 143 1199 1207 1288; baseline 0 -20"><span class='ocrx_word' id='word_1_59' title='bbox 143 1257 144 1262; x_wconf 12' lang='grc' dir='ltr'><strong>κ</strong></span> <span class='ocrx_word' id='word_1_60' title='bbox 213 1217 363 1270; x_wconf 83' lang='lat' dir='ltr'><strong>Persuasus</strong></span> <span class='ocrx_word' id='word_1_61' title='bbox 382 1199 458 1270; x_wconf 78' lang='lat' dir='ltr'><strong>uero</strong></span> <span class='ocrx_word' id='word_1_62' title='bbox 471 1233 548 1283; x_wconf 88' lang='lat' dir='ltr'><strong>sum,</strong></span> <span class='ocrx_word' id='word_1_63' title='bbox 566 1214 624 1286; x_wconf 85' lang='lat' dir='ltr'><strong>ejus</strong></span> <span class='ocrx_word' id='word_1_64' title='bbox 642 1216 776 1288; x_wconf 90' lang='lat' dir='ltr'><strong>temporis</strong></span> <span class='ocrx_word' id='word_1_65' title='bbox 793 1215 938 1270; x_wconf 77' lang='lat' dir='ltr'><strong>historiam</strong></span> <span class='ocrx_word' id='word_1_66' title='bbox 952 1214 1141 1288; x_wconf 76' lang='lat' dir='ltr'><strong>perpendens,</strong></span> <span class='ocrx_word' id='word_1_67' title='bbox 1154 1217 1207 1270; x_wconf 82' lang='lat' dir='ltr'><strong>At·</strong></span> 
     </span>
     <span class='ocr_line' id='line_1_9' title="bbox 175 1304 1209 1380; baseline 0.002 -21"><span class='ocrx_word' id='word_1_68' title='bbox 175 1304 260 1360; x_wconf 87' lang='lat' dir='ltr'><strong>ticum</strong></span> <span class='ocrx_word' id='word_1_69' title='bbox 283 1315 426 1360; x_wconf 80' lang='lat' dir='ltr'><strong>nonanto</strong></span> <span class='ocrx_word' id='word_1_70' title='bbox 450 1305 643 1374; x_wconf 85' lang='lat' dir='ltr'><strong>obsidionem,</strong></span> <span class='ocrx_word' id='word_1_71' title='bbox 655 1306 718 1364; x_wconf 75' lang='lat' dir='ltr'><strong>,sed</strong></span> <span class='ocrx_word' id='word_1_72' title='bbox 739 1317 805 1380; x_wconf 90' lang='lat' dir='ltr'><strong>post</strong></span> <span class='ocrx_word' id='word_1_73' title='bbox 824 1306 1009 1374; x_wconf 85' lang='lat' dir='ltr'><strong>deditionem,</strong></span> <span class='ocrx_word' id='word_1_74' title='bbox 1031 1312 1063 1362; x_wconf 82' lang='lat' dir='ltr'><strong>&#39;et</strong></span> <span class='ocrx_word' id='word_1_75' title='bbox 1086 1306 1209 1379; x_wconf 89' lang='lat' dir='ltr'><strong>quietem</strong></span> 
     </span>
     <span class='ocr_line' id='line_1_10' title="bbox 175 1395 1209 1470; baseline -0.001 -19"><span class='ocrx_word' id='word_1_76' title='bbox 175 1398 292 1453; x_wconf 80' lang='lat' dir='ltr'><strong>Athenis</strong></span> <span class='ocrx_word' id='word_1_77' title='bbox 305 1398 473 1467; x_wconf 86' lang='lat' dir='ltr'><strong>restitutam,</strong></span> <span class='ocrx_word' id='word_1_78' title='bbox 485 1397 515 1452; x_wconf 91' lang='lat' dir='ltr'><strong>in</strong></span> <span class='ocrx_word' id='word_1_79' title='bbox 528 1398 601 1452; x_wconf 87' lang='lat' dir='ltr'><strong>hanc</strong></span> <span class='ocrx_word' id='word_1_80' title='bbox 616 1397 714 1452; x_wconf 87' lang='lat' dir='ltr'><strong>urbem</strong></span> <span class='ocrx_word' id='word_1_81' title='bbox 727 1397 909 1470; x_wconf 85' lang='lat' dir='ltr'><strong>demigrasse,</strong></span> <span class='ocrx_word' id='word_1_82' title='bbox 923 1415 1008 1469; x_wconf 89' lang='lat' dir='ltr'><strong>quum</strong></span> <span class='ocrx_word' id='word_1_83' title='bbox 1020 1397 1095 1470; x_wconf 83' lang='lat' dir='ltr'><strong>Sylla</strong></span> <span class='ocrx_word' id='word_1_84' title='bbox 1107 1395 1165 1468; x_wconf 83' lang='lat' dir='ltr'><strong>jani</strong></span> <span class='ocrx_word' id='word_1_85' title='bbox 1177 1396 1209 1450; x_wconf 91' lang='lat' dir='ltr'><strong>in</strong></span> 
     </span>
     <span class='ocr_line' id='line_1_11' title="bbox 175 1478 1208 1564; baseline -0.002 -20"><span class='ocrx_word' id='word_1_86' title='bbox 175 1489 241 1544; x_wconf 83' lang='lat' dir='ltr'><strong>Asia</strong></span> <span class='ocrx_word' id='word_1_87' title='bbox 262 1490 368 1544; x_wconf 87' lang='lat' dir='ltr'><strong>bellum</strong></span> <span class='ocrx_word' id='word_1_88' title='bbox 384 1499 493 1564; x_wconf 80' lang='lat' dir='ltr'><strong>gereret</strong></span> <span class='ocrx_word' id='word_1_89' title='bbox 508 1488 640 1543; x_wconf 86' lang='lat' dir='ltr'><strong>adversus</strong></span> <span class='ocrx_word' id='word_1_90' title='bbox 654 1478 854 1544; x_wconf 87' lang='lat' dir='ltr'><strong>Mithridatem.</strong></span> <span class='ocrx_word' id='word_1_91' title='bbox 872 1489 895 1542; x_wconf 88' lang='lat' dir='ltr'>E</span> <span class='ocrx_word' id='word_1_92' title='bbox 908 1487 1125 1556; x_wconf 83' lang='lat' dir='ltr'><strong>calamitatibus,</strong></span> <span class='ocrx_word' id='word_1_93' title='bbox 1141 1505 1208 1560; x_wconf 87' lang='lat' dir='ltr'><strong>quas</strong></span> 
     </span>
     <span class='ocr_line' id='line_1_12' title="bbox 176 1563 1209 1655; baseline -0.004 -20"><span class='ocrx_word' id='word_1_94' title='bbox 176 1582 261 1654; x_wconf 90' lang='lat' dir='ltr'><strong>paulo</strong></span> <span class='ocrx_word' id='word_1_95' title='bbox 276 1591 340 1636; x_wconf 87' lang='lat' dir='ltr'><strong>ante</strong></span> <span class='ocrx_word' id='word_1_96' title='bbox 353 1581 506 1655; x_wconf 85' lang='lat' dir='ltr'><strong>pertulerat</strong></span> <span class='ocrx_word' id='word_1_97' title='bbox 517 1580 692 1634; x_wconf 82' lang='lat' dir='ltr'><strong>Athenarum</strong></span> <span class='ocrx_word' id='word_1_98' title='bbox 707 1578 789 1648; x_wconf 92' lang='lat' dir='ltr'><strong>urbs,</strong></span> <span class='ocrx_word' id='word_1_99' title='bbox 806 1563 975 1651; x_wconf 30' lang='lat' dir='ltr'><strong>explicanda*</strong></span> <span class='ocrx_word' id='word_1_100' title='bbox 987 1588 1050 1633; x_wconf 91' lang='lat' dir='ltr'><strong>sunt</strong></span> <span class='ocrx_word' id='word_1_101' title='bbox 1070 1577 1120 1633; x_wconf 89' lang='lat' dir='ltr'><strong>illa</strong></span> <span class='ocrx_word' id='word_1_102' title='bbox 1136 1577 1209 1632; x_wconf 91' lang='lat' dir='ltr'><strong>Cor·</strong></span> 
     </span>
     <span class='ocr_line' id='line_1_13' title="bbox 177 1659 1208 1742; baseline -0.001 -17"><span class='ocrx_word' id='word_1_103' title='bbox 177 1671 244 1726; x_wconf 89' lang='lat' dir='ltr'><strong>nelii</strong></span> <span class='ocrx_word' id='word_1_104' title='bbox 257 1659 358 1740; x_wconf 80' lang='lat' dir='ltr'><strong>verba,</strong></span> <span class='ocrx_word' id='word_1_105' title='bbox 371 1669 455 1726; x_wconf 79' lang='lat' dir='ltr'><strong>Attio.</strong></span> <span class='ocrx_word' id='word_1_106' title='bbox 471 1689 513 1739; x_wconf 90' lang='lat'><strong>11,</strong></span> <span class='ocrx_word' id='word_1_107' title='bbox 528 1676 565 1735; x_wconf 71' lang='lat' dir='ltr'><strong>l:</strong></span> <span class='ocrx_word' id='word_1_108' title='bbox 578 1669 704 1742; x_wconf 81' lang='lat' dir='ltr'><strong>‹lSaepius</strong></span> <span class='ocrx_word' id='word_1_109' title='bbox 718 1669 773 1723; x_wconf 89' lang='lat' dir='ltr'><strong>suis</strong></span> <span class='ocrx_word' id='word_1_110' title='bbox 790 1668 891 1742; x_wconf 90' lang='lat' dir='ltr'><strong>opibus</strong></span> <span class='ocrx_word' id='word_1_111' title='bbox 903 1667 1031 1742; x_wconf 85' lang='lat' dir='ltr'><strong>inopiam</strong></span> <span class='ocrx_word' id='word_1_112' title='bbox 1044 1673 1141 1724; x_wconf 85' lang='lat' dir='ltr'><strong>eorum</strong></span> <span class='ocrx_word' id='word_1_113' title='bbox 1153 1687 1208 1742; x_wconf 89' lang='lat' dir='ltr'><strong>pu-</strong></span> 
     </span>
     <span class='ocr_line' id='line_1_14' title="bbox 177 1759 1207 1836; baseline -0.002 -18"><span class='ocrx_word' id='word_1_114' title='bbox 177 1761 279 1818; x_wconf 84' lang='lat' dir='ltr'><strong>blicam</strong></span> <span class='ocrx_word' id='word_1_115' title='bbox 299 1762 438 1830; x_wconf 62' lang='lat' dir='ltr'><strong>levarim</strong></span> <span class='ocrx_word' id='word_1_116' title='bbox 457 1760 583 1816; x_wconf 87' lang='lat' dir='ltr'><strong>similiter</strong></span> <span class='ocrx_word' id='word_1_117' title='bbox 602 1771 630 1816; x_wconf 91' lang='lat' dir='ltr'><strong>et</strong></span> <span class='ocrx_word' id='word_1_118' title='bbox 643 1759 696 1816; x_wconf 86' lang='lat' dir='ltr'><strong>alia</strong></span> <span class='ocrx_word' id='word_1_119' title='bbox 713 1760 862 1832; x_wconf 84' lang='lat' dir='ltr'><strong>beneficia,</strong></span> <span class='ocrx_word' id='word_1_120' title='bbox 880 1779 940 1834; x_wconf 81' lang='lat' dir='ltr'><strong>quae</strong></span> <span class='ocrx_word' id='word_1_121' title='bbox 957 1761 1064 1817; x_wconf 80' lang='lat' dir='ltr'><strong>Atticus</strong></span> <span class='ocrx_word' id='word_1_122' title='bbox 1083 1761 1207 1836; x_wconf 79' lang='lat' dir='ltr'><strong>privatus</strong></span> 
     </span>
    </p>
   </div>
   <div class='ocr_carea' id='block_1_3' title="bbox 78 1851 765 1927">
    <p class='ocr_par' dir='ltr' id='par_1_4' title="bbox 78 1851 765 1927">
     <span class='ocr_line' id='line_1_15' title="bbox 78 1851 765 1927; baseline -0.001 -18"><span class='ocrx_word' id='word_1_123' title='bbox 78 1858 79 1866; x_wconf 77' lang='grc'>’</span> <span class='ocrx_word' id='word_1_124' title='bbox 177 1855 208 1909; x_wconf 89' lang='lat' dir='ltr'><strong>in</strong></span> <span class='ocrx_word' id='word_1_125' title='bbox 225 1855 366 1910; x_wconf 88' lang='lat' dir='ltr'><strong>civitatem</strong></span> <span class='ocrx_word' id='word_1_126' title='bbox 380 1851 511 1909; x_wconf 82' lang='lat' dir='ltr'><strong>afflictam</strong></span> <span class='ocrx_word' id='word_1_127' title='bbox 524 1851 652 1908; x_wconf 82' lang='lat' dir='ltr'><strong>conferre</strong></span> <span class='ocrx_word' id='word_1_128' title='bbox 665 1851 765 1927; x_wconf 88' lang='lat' dir='ltr'><strong>potuit.</strong></span> 
     </span>
    </p>
   </div>
   <div class='ocr_carea' id='block_1_4' title="bbox 0 0 1567 5032">
    <p class='ocr_par' dir='ltr' id='par_1_5' title="bbox 0 0 1567 5032">
     <span class='ocr_line' id='line_1_16' title="bbox 0 0 1567 5032; baseline 0 0"><span class='ocrx_word' id='word_1_129' title='bbox 0 0 1567 5032; x_wconf 95' lang='lat' dir='ltr'><strong> </strong></span> 
     </span>
    </p>
   </div>
  </div>
 </body>
</html>
