3114 5032
819 419 955 493 ιιοιιΙ

402 564 465 620 Cer.
478 563 515 618 Π.
532 560 560 618 >l
577 565 694 618 lacem.
712 561 747 616 ld
760 571 802 616 est
816 560 955 634 Agesilao.

402 655 509 710 Facere
519 673 621 710 seeum.
634 657 692 710 Pro
705 654 813 722 favere,
825 652 906 708 tueri.

400 748 466 804 Cer.
479 748 532 803 111.
549 747 701 802 Barbam.
718 747 814 815 Persa,
827 745 1042 818 Tissaphernes,
1056 743 1093 799 de
1108 760 1196 798 more.

400 839 463 894 Cer.
481 840 530 894 1v.
549 839 673 894 Nuntius.
693 837 728 892 Id
750 847 804 905 est,
822 837 940 912 scytale,
959 835 1006 890 vel
1023 835 1151 909 epistola.
1169 833 1299 908 Agesilao
1321 833 1406 889 enirn

360 929 472 986 missam
485 929 568 986 foisse
581 929 713 1003 scytalarn
728 938 844 984 narrant
856 927 1018 982 Plutarchus
1031 935 1059 980 et
1070 926 1245 1000 Xenophon,
1263 944 1310 994 ιν,
1323 934 1353 992 4.

401 1022 576 1078 Coronoeam.
589 1023 684 1076 Graece
698 1015 836 1092 Κορώνεια
841 1060 850 1088 ,
863 1017 931 1074 urbs
946 1016 1060 1072 Boeotiae
1076 1035 1137 1090 quae
1153 1035 1212 1072 non
1226 1016 1312 1099 debet
1327 1035 1402 1073 con-

360 1112 456 1182 fundi,
476 1123 508 1168 ut
531 1111 563 1167 fit
580 1112 696 1186 passim,
721 1130 784 1168 curn
803 1111 972 1176 Choemnea,
986 1106 1063 1163 haud
1081 1109 1180 1182 procul
1197 1107 1264 1164 inde
1285 1108 1402 1178 dissita,

359 1205 409 1261 nbi
434 1201 580 1278 Philippus
602 1203 742 1278 insignem
759 1203 838 1260 illam
858 1203 894 1259 de
913 1199 1015 1256 Graecis
1033 1199 1180 1254 victoriam
1200 1202 1401 1272 reportaverit.

358 1299 516 1354 Tascnncr.
918 1283 921 1292 ’
1176 1365 1178 1372 y

397 1393 434 1446 In
448 1392 584 1465 templum
599 1389 742 1443 thrvoe.
761 1388 940 1455 Plutarchus,
951 1402 1019 1452 ιιι,
1035 1381 1156 1439 affirmat
1167 1383 1307 1466 hlinervae
1323 1394 1403 1440 tem-

358 1483 439 1556 plum
455 1483 555 1538 Itoniae
575 1499 665 1555 prope
684 1479 782 1535 Ianum
805 1478 876 1534 illud
899 1477 996 1546 luisse,
1013 1476 1044 1536 in
1067 1475 1147 1548 quod
1167 1475 1236 1549 asyli
1253 1477 1405 1550 quaerendi

359 1591 442 1630 causa
455 1573 653 1647 confugissent.
1106 1559 1111 1566 ¹

403 1667 523 1740 Templa
542 1679 649 1723 sancta.
665 1666 701 1723 Id
719 1676 760 1722 est
776 1663 960 1720 inviolabilia.
986 1663 1152 1718 «AErarium
1175 1680 1286 1736 quoque
1308 1683 1403 1720 sane·

359 1769 429 1826 hcm,
444 1757 509 1832 qnia
522 1757 631 1814 tardius
644 1757 807 1832 aperiebant
820 1756 942 1826 tribuni,
953 1755 1036 1828 jussit
1048 1755 1192 1830 effringi.»
1207 1757 1297 1826 Flos,
1311 1777 1355 1824 rr,
1373 1776 1402 1813 n.

398 1849 464 1905 Csr.
477 1849 528 1905 VI.
546 1852 651 1906 Locum
669 1860 750 1906 entm
769 1849 861 1904 urbem
887 1849 1170 1924 edr'tumsslrrnpror,
1190 1849 1284 1904 locum
1301 1851 1405 1906 muni-

358 1950 420 1995 tum
436 1953 652 2015 expugnatoque
661 1939 816 2010 difficilem,
825 1941 877 1995 ubi
888 1940 986 1996 Dianae
1000 1941 1116 1996 Issorc'oe
1130 1941 1266 2014 templum
1281 1941 1349 2011 tirit,
1362 1945 1406 1999 ab

359 2024 458 2102 dreis,
470 2033 578 2107 pilum,
595 2035 641 2089 vel
659 2023 745 2108 ὕψος,
761 2050 910 2102 cacumen,
927 2041 955 2086 et
969 2028 1040 2105 lpas,
1057 2050 1148 2086 mons.
1167 2033 1239 2086 Vide
1250 2034 1337 2087 Pnnr.

398 2128 463 2182 Coe.
476 2127 560 2200 vlll.
570 2128 608 2180 In
622 2138 698 2206 acta.
717 2127 753 2182 ld
766 2123 825 2200 est,
840 2125 871 2181 in
886 2123 998 2196 littore,
1012 2145 1029 2179 a
1042 2142 1133 2198 graeco
1150 2117 1233 2182 itari.

397 2219 449 2273 Ad
459 2218 559 2292 regios.
581 2216 626 2273 Ad
642 2217 716 2292 regis
731 2202 846 2291 AEgypti
863 2215 1016 2289 praefectos.

401 2309 532 2370 Coronas.
554 2309 597 2364 Ex
618 2327 727 2383 papyro
749 2309 899 2364 coronaria
913 2305 1014 2364 'vocata
1033 2308 1181 2364 confectas.
1205 2307 1302 2364 Refert
1321 2311 1402 2367 enim

358 2401 524 2469 Athenaeus,
539 2419 589 2469 xv,
607 2399 643 2470 6,
659 2401 807 2476 AEgyptios
824 2400 973 2474 Agesilao,
985 2400 1016 2454 in
1028 2401 1180 2474 AEgyptum
1192 2399 1403 2474 proficiscenti,

359 2493 434 2548 inter
446 2492 502 2549 alia
514 2511 632 2549 munera
644 2510 782 2567 papyrum
795 2493 973 2566 coronarium
987 2491 1103 2547 misisse.
1120 2492 1243 2562 Plinius,
1255 2511 1333 2564 xrrr,
1351 2515 1401 2565 ιι,

359 2584 460 2659 papyri
473 2582 574 2640 florem
588 2585 624 2640 ad
638 2584 707 2640 deos
720 2584 900 2640 coronandos
913 2584 976 2639 usui
989 2584 1072 2640 firisse
1086 2585 1162 2640 dicit.
1177 2585 1271 2656 Idem,
1286 2605 1352 2658 ιιι,
1367 2587 1401 2659 3,

360 2677 545 2753 oegyptrhrum
558 2667 720 2733 coronarum
734 2677 908 2733 mentionem
921 2677 995 2734 facit.
1011 2679 1138 2733 Msorns.

402 2768 474 2824 Cera
489 2765 726 2840 circumfirderunt
748 2772 853 2825 Contra
869 2769 1012 2826 Diodorus
1035 2770 1133 2825 scribit
1148 2771 1273 2846 Agesilai
1296 2791 1401 2847 corpus

360 2859 391 2914 in
408 2861 492 2916 melle
505 2862 634 2934 Spartam
651 2860 828 2934 deportatum
845 2879 912 2916 esse.
931 2863 1003 2916 Nam
1011 2861 1166 2935 antiquitus
1177 2863 1326 2934 cadavera,
1337 2885 1401 2939 quae

361 2951 467 3006 servari
483 2952 602 3024 vellent,
614 2953 698 3008 melle
710 2952 890 3008 condiebant.
913 2956 1058 3008 Persarum
1075 2962 1170 3010 tamen
1187 2974 1249 3010 mos
1265 2955 1320 3010 fuit
1338 2976 1399 3013 non

361 3042 462 3112 melle,
475 3041 525 3097 sed
540 3061 603 3098 cera
617 3043 819 3115 circumlinire,
832 3054 902 3101 teste
917 3043 1080 3113 Herodoto,
1094 3045 1144 3100 lib.
1164 3065 1191 3116 ι,
1209 3057 1237 3102 et
1250 3047 1399 3119 Cicerone,

362 3134 391 3188 in
409 3134 534 3201 Tuscul,
550 3154 572 3189 r.
591 3135 734 3191 Conarrrt.
828 3169 831 3176 ·

401 3226 730 3300 Agesilausmemoratur
745 3228 909 3296 Herodoto,
928 3229 1094 3299 Plutarcho,
1118 3230 1322 3304 Xenophonti,
1339 3231 1399 3287 Po-

363 3319 454 3393 lyaeno
462 3360 471 3390 ,
479 3319 637 3390 Pausaniae,
645 3319 790 3390 Diodoro,
802 3320 937 3394 Polybio,
950 3321 1098 3392 Athenaeo,
1112 3322 1239 3394 lustino,
1247 3323 1399 3394 Frontino,

362 3413 425 3468 Vel.
440 3412 580 3484 Maximo,
593 3413 730 3471 Ciceroni.
744 3413 827 3470 Adde
842 3415 937 3469 Rollin
946 3425 974 3469 et
991 3413 1187 3488 Barthelemy.

700 3655 738 3701 IN
762 3654 913 3702 Euristus
937 3657 1059 3704 VITAM·
1136 3661 1141 3674 '

404 3849 468 3906 cu.
481 3850 505 3906 1.
517 3850 601 3905 ree.
619 3849 664 3904 na
681 3849 815 3905 neuneu
832 3809 958 3925 eqirtum
976 3851 1103 3923 ornnes,
1120 3853 1198 3928 quoa
1210 3859 1323 3912 anam
1338 3856 1398 3914 viee

363 3941 473 4016 pedites
485 3951 591 4015 tegunt.
614 3941 684 3996 Vide
695 3943 862 4011 Passerem,
880 3943 929 3998 lib.
943 3963 985 3998 vr.

404 4034 548 4090 Heroerice.
566 4035 593 4089 A
610 4051 682 4091 rone
700 4051 788 4109 greca
810 4031 952 4109 inceptui,
970 4034 1095 4108 socialis,
1111 4035 1255 4112 sodalitia;
1272 4041 1311 4098 ita
1325 4044 1400 4118 apud
