<?xml version="1.0" encoding="UTF-8"?>
<!DOCTYPE html PUBLIC "-//W3C//DTD XHTML 1.0 Transitional//EN"
    "http://www.w3.org/TR/xhtml1/DTD/xhtml1-transitional.dtd">
<html xmlns="http://www.w3.org/1999/xhtml" xml:lang="en" lang="en">
 <head>
  <title>
</title>
<meta http-equiv="Content-Type" content="text/html;charset=utf-8" />
  <meta name='ocr-system' content='tesseract 3.04.00' />
  <meta name='ocr-capabilities' content='ocr_page ocr_carea ocr_par ocr_line ocrx_word'/>
</head>
<body>
  <div class='ocr_page' id='page_1' title='image "./corneliinepotio00nepogoog_0210.png"; bbox 0 0 3114 5032; ppageno 0'>
   <div class='ocr_carea' id='block_1_1' title="bbox 517 488 1194 574">
    <p class='ocr_par' dir='ltr' id='par_1_1' title="bbox 517 488 1194 574">
     <span class='ocr_line' id='line_1_1' title="bbox 517 488 1194 574; baseline 0.012 -26"><span class='ocrx_word' id='word_1_1' title='bbox 517 494 841 552; x_wconf 82' lang='lat' dir='ltr'><strong>OBSERVATIONES.</strong></span> <span class='ocrx_word' id='word_1_2' title='bbox 959 488 966 506; x_wconf 53' lang='lat'>⁸</span> <span class='ocrx_word' id='word_1_3' title='bbox 1143 521 1194 574; x_wconf 82' lang='lat'><strong>191</strong></span> 
     </span>
    </p>
   </div>
   <div class='ocr_carea' id='block_1_2' title="bbox 143 620 1292 1158">
    <p class='ocr_par' dir='ltr' id='par_1_2' title="bbox 158 620 1292 1066">
     <span class='ocr_line' id='line_1_2' title="bbox 200 620 1292 697; baseline 0.005 -20"><span class='ocrx_word' id='word_1_4' title='bbox 200 620 317 696; x_wconf 86' lang='lat' dir='ltr'><strong>Scripsit</strong></span> <span class='ocrx_word' id='word_1_5' title='bbox 332 621 426 694; x_wconf 88' lang='lat' dir='ltr'><strong>Nepos</strong></span> <span class='ocrx_word' id='word_1_6' title='bbox 438 622 599 676; x_wconf 86' lang='lat' dir='ltr'><strong>Graecorum</strong></span> <span class='ocrx_word' id='word_1_7' title='bbox 615 620 759 691; x_wconf 86' lang='lat' dir='ltr'><strong>historias,</strong></span> <span class='ocrx_word' id='word_1_8' title='bbox 777 640 811 677; x_wconf 83' lang='lat' dir='ltr'><strong>eo</strong></span> <span class='ocrx_word' id='word_1_9' title='bbox 825 623 855 677; x_wconf 91' lang='lat' dir='ltr'><strong>in</strong></span> <span class='ocrx_word' id='word_1_10' title='bbox 869 623 942 678; x_wconf 88' lang='lat' dir='ltr'><strong>hanc</strong></span> <span class='ocrx_word' id='word_1_11' title='bbox 959 636 1070 697; x_wconf 81' lang='lat' dir='ltr'>gentem</span> <span class='ocrx_word' id='word_1_12' title='bbox 1089 625 1199 697; x_wconf 87' lang='lat' dir='ltr'><strong>studio,</strong></span> <span class='ocrx_word' id='word_1_13' title='bbox 1288 622 1292 628; x_wconf 54' lang='lat'><strong><em>⁴</em></strong></span> 
     </span>
     <span class='ocr_line' id='line_1_3' title="bbox 158 713 1199 789; baseline 0.005 -21"><span class='ocrx_word' id='word_1_14' title='bbox 158 724 190 788; x_wconf 86' lang='lat' dir='ltr'><strong>ut</strong></span> <span class='ocrx_word' id='word_1_15' title='bbox 202 715 262 788; x_wconf 89' lang='lat' dir='ltr'><strong>ipse</strong></span> <span class='ocrx_word' id='word_1_16' title='bbox 274 732 328 786; x_wconf 89' lang='lat' dir='ltr'><strong>pro</strong></span> <span class='ocrx_word' id='word_1_17' title='bbox 341 716 439 768; x_wconf 88' lang='lat' dir='ltr'><strong>Graeco</strong></span> <span class='ocrx_word' id='word_1_18' title='bbox 452 713 552 768; x_wconf 88' lang='lat' dir='ltr'><strong>haberi</strong></span> <span class='ocrx_word' id='word_1_19' title='bbox 564 713 666 787; x_wconf 84' lang='lat' dir='ltr'><strong>possit,</strong></span> <span class='ocrx_word' id='word_1_20' title='bbox 678 714 728 770; x_wconf 89' lang='lat' dir='ltr'><strong>sed</strong></span> <span class='ocrx_word' id='word_1_21' title='bbox 739 714 914 789; x_wconf 82' lang='lat' dir='ltr'><strong>interspersis</strong></span> <span class='ocrx_word' id='word_1_22' title='bbox 927 715 1029 771; x_wconf 91' lang='lat' dir='ltr'><strong>talibus</strong></span> <span class='ocrx_word' id='word_1_23' title='bbox 1042 717 1199 788; x_wconf 78' lang='lat' dir='ltr'><strong>sententiis,</strong></span> 
     </span>
     <span class='ocr_line' id='line_1_4' title="bbox 160 805 1198 884; baseline 0.004 -22"><span class='ocrx_word' id='word_1_24' title='bbox 160 826 221 880; x_wconf 86' lang='lat' dir='ltr'><strong>quae</strong></span> <span class='ocrx_word' id='word_1_25' title='bbox 239 807 317 862; x_wconf 91' lang='lat' dir='ltr'><strong>hono</strong></span> <span class='ocrx_word' id='word_1_26' title='bbox 331 809 462 862; x_wconf 89' lang='lat' dir='ltr'><strong>Romano</strong></span> <span class='ocrx_word' id='word_1_27' title='bbox 476 805 538 861; x_wconf 84' lang='lat' dir='ltr'><strong>cive</strong></span> <span class='ocrx_word' id='word_1_28' title='bbox 552 806 643 880; x_wconf 76' lang='lat' dir='ltr'><strong>digna</strong></span> <span class='ocrx_word' id='word_1_29' title='bbox 659 817 746 862; x_wconf 90' lang='lat' dir='ltr'><strong>erant.</strong></span> <span class='ocrx_word' id='word_1_30' title='bbox 760 807 891 881; x_wconf 82' lang='lat' dir='ltr'><strong>Exempli</strong></span> <span class='ocrx_word' id='word_1_31' title='bbox 908 807 998 881; x_wconf 86' lang='lat' dir='ltr'><strong>gratia</strong></span> <span class='ocrx_word' id='word_1_32' title='bbox 1013 828 1113 882; x_wconf 88' lang='lat' dir='ltr'><strong>paucas</strong></span> <span class='ocrx_word' id='word_1_33' title='bbox 1126 829 1198 884; x_wconf 87' lang='lat' dir='ltr'><strong>pro-</strong></span> 
     </span>
     <span class='ocr_line' id='line_1_5' title="bbox 158 898 1199 978; baseline 0.003 -24"><span class='ocrx_word' id='word_1_34' title='bbox 158 900 247 956; x_wconf 84' lang='lat' dir='ltr'><strong>feram</strong></span> <span class='ocrx_word' id='word_1_35' title='bbox 260 918 276 954; x_wconf 92' lang='lat' dir='ltr'><strong>e</strong></span> <span class='ocrx_word' id='word_1_36' title='bbox 289 899 488 972; x_wconf 86' lang='lat' dir='ltr'><strong>compluribus.</strong></span> <span class='ocrx_word' id='word_1_37' title='bbox 503 901 607 955; x_wconf 86' lang='lat' dir='ltr'><strong>Narrat</strong></span> <span class='ocrx_word' id='word_1_38' title='bbox 618 899 755 978; x_wconf 76' lang='lat' dir='ltr'><strong>Miltiadis</strong></span> <span class='ocrx_word' id='word_1_39' title='bbox 768 898 858 972; x_wconf 85' lang='lat' dir='ltr'><strong>eapite</strong></span> <span class='ocrx_word' id='word_1_40' title='bbox 872 899 905 970; x_wconf 90' lang='lat'><strong>6,</strong></span> <span class='ocrx_word' id='word_1_41' title='bbox 917 901 999 974; x_wconf 86' lang='lat' dir='ltr'><strong>quale</strong></span> <span class='ocrx_word' id='word_1_42' title='bbox 1012 901 1157 975; x_wconf 78' lang='lat' dir='ltr'><strong>praemium</strong></span> <span class='ocrx_word' id='word_1_43' title='bbox 1173 903 1199 958; x_wconf 89' lang='lat' dir='ltr'><strong>ei</strong></span> 
     </span>
     <span class='ocr_line' id='line_1_6' title="bbox 158 973 1198 1066; baseline 0.003 -20"><span class='ocrx_word' id='word_1_44' title='bbox 158 992 195 1046; x_wconf 91' lang='lat' dir='ltr'><strong>sit</strong></span> <span class='ocrx_word' id='word_1_45' title='bbox 219 991 357 1046; x_wconf 89' lang='lat' dir='ltr'><strong>tributum</strong></span> <span class='ocrx_word' id='word_1_46' title='bbox 381 973 420 1046; x_wconf 90' lang='lat' dir='ltr'><strong>oh</strong></span> <span class='ocrx_word' id='word_1_47' title='bbox 445 991 593 1046; x_wconf 87' lang='lat' dir='ltr'><strong>victoriam</strong></span> <span class='ocrx_word' id='word_1_48' title='bbox 618 991 840 1062; x_wconf 82' lang='lat' dir='ltr'><strong>Marathoniam,</strong></span> <span class='ocrx_word' id='word_1_49' title='bbox 866 1011 1032 1066; x_wconf 86' lang='lat' dir='ltr'><strong>causamque</strong></span> <span class='ocrx_word' id='word_1_50' title='bbox 1057 994 1198 1065; x_wconf 88' lang='lat' dir='ltr'><strong>subjicit:</strong></span> 
     </span>
    </p>

    <p class='ocr_par' dir='ltr' id='par_1_3' title="bbox 143 1083 1200 1158">
     <span class='ocr_line' id='line_1_7' title="bbox 143 1083 1200 1158; baseline 0.005 -21"><span class='ocrx_word' id='word_1_51' title='bbox 143 1083 172 1133; x_wconf 73' lang='lat' dir='ltr'><strong>&#39;c</strong></span> <span class='ocrx_word' id='word_1_52' title='bbox 184 1085 250 1152; x_wconf 88' lang='lat' dir='ltr'><strong>Quo</strong></span> <span class='ocrx_word' id='word_1_53' title='bbox 265 1083 373 1138; x_wconf 85' lang='lat' dir='ltr'><strong>facilius</strong></span> <span class='ocrx_word' id='word_1_54' title='bbox 389 1083 508 1157; x_wconf 85' lang='lat' dir='ltr'><strong>intelligi</strong></span> <span class='ocrx_word' id='word_1_55' title='bbox 522 1083 623 1156; x_wconf 91' lang='lat' dir='ltr'><strong>possit,</strong></span> <span class='ocrx_word' id='word_1_56' title='bbox 637 1083 764 1138; x_wconf 89' lang='lat' dir='ltr'><strong>eamdem</strong></span> <span class='ocrx_word' id='word_1_57' title='bbox 779 1084 905 1139; x_wconf 89' lang='lat' dir='ltr'><strong>omnium</strong></span> <span class='ocrx_word' id='word_1_58' title='bbox 918 1083 1062 1158; x_wconf 83' lang='lat' dir='ltr'><strong>civitatum</strong></span> <span class='ocrx_word' id='word_1_59' title='bbox 1071 1105 1137 1141; x_wconf 71' lang='lat' dir='ltr'><strong>vesse</strong></span> <span class='ocrx_word' id='word_1_60' title='bbox 1149 1107 1200 1142; x_wconf 91' lang='lat' dir='ltr'><strong>na-</strong></span> 
     </span>
    </p>
   </div>
   <div class='ocr_carea' id='block_1_3' title="bbox 157 1171 1288 1249">
    <p class='ocr_par' dir='ltr' id='par_1_4' title="bbox 157 1171 1288 1249">
     <span class='ocr_line' id='line_1_8' title="bbox 157 1171 1288 1249; baseline 0.004 -20"><span class='ocrx_word' id='word_1_61' title='bbox 157 1171 258 1230; x_wconf 82' lang='lat' dir='ltr'><strong>turam.</strong></span> <span class='ocrx_word' id='word_1_62' title='bbox 277 1176 318 1231; x_wconf 92' lang='lat' dir='ltr'><strong>Ut</strong></span> <span class='ocrx_word' id='word_1_63' title='bbox 335 1175 412 1230; x_wconf 87' lang='lat' dir='ltr'><strong>enim</strong></span> <span class='ocrx_word' id='word_1_64' title='bbox 432 1176 533 1249; x_wconf 90' lang='lat' dir='ltr'><strong>populi</strong></span> <span class='ocrx_word' id='word_1_65' title='bbox 553 1175 645 1230; x_wconf 91' lang='lat' dir='ltr'><strong>nostri</strong></span> <span class='ocrx_word' id='word_1_66' title='bbox 664 1176 788 1231; x_wconf 89' lang='lat' dir='ltr'><strong>honores</strong></span> <span class='ocrx_word' id='word_1_67' title='bbox 808 1176 951 1249; x_wconf 90' lang='lat' dir='ltr'><strong>quondam</strong></span> <span class='ocrx_word' id='word_1_68' title='bbox 970 1177 1082 1233; x_wconf 84' lang='lat' dir='ltr'><strong>suerunt</strong></span> <span class='ocrx_word' id='word_1_69' title='bbox 1100 1179 1159 1233; x_wconf 89' lang='lat' dir='ltr'><strong>rari</strong></span> <span class='ocrx_word' id='word_1_70' title='bbox 1172 1189 1200 1234; x_wconf 90' lang='lat' dir='ltr'><strong>et</strong></span> <span class='ocrx_word' id='word_1_71' title='bbox 1284 1237 1288 1246; x_wconf 21' lang='lat' dir='ltr'><strong>q</strong></span> 
     </span>
    </p>
   </div>
   <div class='ocr_carea' id='block_1_4' title="bbox 158 1268 1267 1527">
    <p class='ocr_par' dir='ltr' id='par_1_5' title="bbox 158 1268 1267 1527">
     <span class='ocr_line' id='line_1_9' title="bbox 158 1268 1267 1344; baseline 0.004 -22"><span class='ocrx_word' id='word_1_72' title='bbox 158 1278 270 1337; x_wconf 89' lang='lat' dir='ltr'><strong>tenues,</strong></span> <span class='ocrx_word' id='word_1_73' title='bbox 287 1268 326 1323; x_wconf 92' lang='lat' dir='ltr'><strong>ob</strong></span> <span class='ocrx_word' id='word_1_74' title='bbox 339 1286 455 1341; x_wconf 91' lang='lat' dir='ltr'><strong>eamque</strong></span> <span class='ocrx_word' id='word_1_75' title='bbox 472 1286 586 1330; x_wconf 89' lang='lat' dir='ltr'><strong>causam</strong></span> <span class='ocrx_word' id='word_1_76' title='bbox 596 1269 730 1342; x_wconf 81' lang='lat' dir='ltr'><strong>gloriosi,</strong></span> <span class='ocrx_word' id='word_1_77' title='bbox 745 1287 820 1324; x_wconf 87' lang='lat' dir='ltr'><strong>nunc</strong></span> <span class='ocrx_word' id='word_1_78' title='bbox 835 1279 927 1324; x_wconf 91' lang='lat' dir='ltr'><strong>autem</strong></span> <span class='ocrx_word' id='word_1_79' title='bbox 942 1269 1022 1325; x_wconf 86' lang='lat' dir='ltr'><strong>effusi</strong></span> <span class='ocrx_word' id='word_1_80' title='bbox 1042 1281 1125 1344; x_wconf 89' lang='lat' dir='ltr'><strong>atque</strong></span> <span class='ocrx_word' id='word_1_81' title='bbox 1141 1270 1199 1326; x_wconf 92' lang='lat' dir='ltr'><strong>ob·</strong></span> <span class='ocrx_word' id='word_1_82' title='bbox 1264 1273 1267 1276; x_wconf 84' lang='grc'><strong>’</strong></span> 
     </span>
     <span class='ocr_line' id='line_1_10' title="bbox 159 1359 1201 1435; baseline 0.002 -21"><span class='ocrx_word' id='word_1_83' title='bbox 159 1360 258 1429; x_wconf 71' lang='lat' dir='ltr'><strong>soleti,</strong></span> <span class='ocrx_word' id='word_1_84' title='bbox 275 1360 315 1415; x_wconf 93' lang='lat' dir='ltr'><strong>sic</strong></span> <span class='ocrx_word' id='word_1_85' title='bbox 333 1360 402 1414; x_wconf 90' lang='lat' dir='ltr'><strong>olim</strong></span> <span class='ocrx_word' id='word_1_86' title='bbox 421 1359 496 1434; x_wconf 86' lang='lat' dir='ltr'><strong>apud</strong></span> <span class='ocrx_word' id='word_1_87' title='bbox 511 1360 697 1416; x_wconf 80' lang='lat' dir='ltr'><strong>Athenienses</strong></span> <span class='ocrx_word' id='word_1_88' title='bbox 715 1359 798 1416; x_wconf 82' lang='lat' dir='ltr'><strong>fuisse</strong></span> <span class='ocrx_word' id='word_1_89' title='bbox 816 1360 978 1435; x_wconf 88' lang='lat' dir='ltr'><strong>reperimus.</strong></span> <span class='ocrx_word' id='word_1_90' title='bbox 996 1385 1007 1410; x_wconf 76' lang='lat' dir='ltr'><strong>a</strong></span> <span class='ocrx_word' id='word_1_91' title='bbox 1028 1366 1118 1418; x_wconf 88' lang='lat' dir='ltr'><strong>Aurea</strong></span> <span class='ocrx_word' id='word_1_92' title='bbox 1134 1373 1201 1417; x_wconf 90' lang='lat' dir='ltr'><strong>sunt</strong></span> 
     </span>
     <span class='ocr_line' id='line_1_11' title="bbox 159 1451 1201 1527; baseline 0.003 -22"><span class='ocrx_word' id='word_1_93' title='bbox 159 1453 219 1506; x_wconf 83' lang='lat' dir='ltr'><strong>haec</strong></span> <span class='ocrx_word' id='word_1_94' title='bbox 232 1451 320 1507; x_wconf 84' lang='lat' dir='ltr'><strong>verba</strong></span> <span class='ocrx_word' id='word_1_95' title='bbox 336 1452 448 1521; x_wconf 89' lang='lat' dir='ltr'><strong>lectori,</strong></span> <span class='ocrx_word' id='word_1_96' title='bbox 463 1452 511 1525; x_wconf 91' lang='lat' dir='ltr'><strong>qui</strong></span> <span class='ocrx_word' id='word_1_97' title='bbox 523 1454 684 1508; x_wconf 89' lang='lat' dir='ltr'><strong>Graecorum</strong></span> <span class='ocrx_word' id='word_1_98' title='bbox 699 1462 727 1507; x_wconf 92' lang='lat' dir='ltr'><strong>et</strong></span> <span class='ocrx_word' id='word_1_99' title='bbox 739 1453 933 1524; x_wconf 83' lang='lat' dir='ltr'><strong>Romanorum</strong></span> <span class='ocrx_word' id='word_1_100' title='bbox 945 1454 1117 1527; x_wconf 90' lang='lat' dir='ltr'><strong>aliarumque</strong></span> <span class='ocrx_word' id='word_1_101' title='bbox 1132 1472 1201 1527; x_wconf 85' lang='lat' dir='ltr'><strong>gen-</strong></span> 
     </span>
    </p>
   </div>
   <div class='ocr_carea' id='block_1_5' title="bbox 161 1543 1305 1619">
    <p class='ocr_par' dir='ltr' id='par_1_6' title="bbox 161 1543 1305 1619">
     <span class='ocr_line' id='line_1_12' title="bbox 161 1543 1305 1619; baseline 0.003 -21"><span class='ocrx_word' id='word_1_102' title='bbox 161 1545 232 1598; x_wconf 92' lang='lat' dir='ltr'><strong>tium</strong></span> <span class='ocrx_word' id='word_1_103' title='bbox 244 1543 336 1599; x_wconf 88' lang='lat' dir='ltr'><strong>noscit</strong></span> <span class='ocrx_word' id='word_1_104' title='bbox 350 1543 513 1614; x_wconf 88' lang='lat' dir='ltr'><strong>historiam,</strong></span> <span class='ocrx_word' id='word_1_105' title='bbox 529 1555 556 1600; x_wconf 92' lang='lat' dir='ltr'><strong>et</strong></span> <span class='ocrx_word' id='word_1_106' title='bbox 567 1545 614 1618; x_wconf 93' lang='lat' dir='ltr'><strong>qui</strong></span> <span class='ocrx_word' id='word_1_107' title='bbox 629 1545 660 1600; x_wconf 91' lang='lat' dir='ltr'><strong>in</strong></span> <span class='ocrx_word' id='word_1_108' title='bbox 673 1565 767 1601; x_wconf 87' lang='lat' dir='ltr'><strong>causas</strong></span> <span class='ocrx_word' id='word_1_109' title='bbox 780 1545 898 1619; x_wconf 87' lang='lat' dir='ltr'><strong>inquirit</strong></span> <span class='ocrx_word' id='word_1_110' title='bbox 914 1556 1028 1602; x_wconf 82' lang='lat' dir='ltr'><strong>servatae</strong></span> <span class='ocrx_word' id='word_1_111' title='bbox 1041 1545 1118 1619; x_wconf 90' lang='lat' dir='ltr'><strong>apud</strong></span> <span class='ocrx_word' id='word_1_112' title='bbox 1130 1547 1200 1602; x_wconf 91' lang='lat' dir='ltr'><strong>alios</strong></span> <span class='ocrx_word' id='word_1_113' title='bbox 1253 1603 1255 1606; x_wconf 81' lang='grc'><strong>,</strong></span> <span class='ocrx_word' id='word_1_114' title='bbox 1300 1561 1305 1576; x_wconf 86' lang='grc'><strong>’</strong></span> 
     </span>
    </p>
   </div>
   <div class='ocr_carea' id='block_1_6' title="bbox 161 1636 1256 1989">
    <p class='ocr_par' dir='ltr' id='par_1_7' title="bbox 161 1636 1256 1989">
     <span class='ocr_line' id='line_1_13' title="bbox 161 1636 1200 1712; baseline 0.002 -21"><span class='ocrx_word' id='word_1_115' title='bbox 161 1637 343 1709; x_wconf 86' lang='lat' dir='ltr'><strong>integritatis,</strong></span> <span class='ocrx_word' id='word_1_116' title='bbox 354 1636 430 1710; x_wconf 89' lang='lat' dir='ltr'><strong>apud</strong></span> <span class='ocrx_word' id='word_1_117' title='bbox 442 1637 511 1693; x_wconf 91' lang='lat' dir='ltr'><strong>alios</strong></span> <span class='ocrx_word' id='word_1_118' title='bbox 524 1637 582 1693; x_wconf 88' lang='lat' dir='ltr'><strong>cito</strong></span> <span class='ocrx_word' id='word_1_119' title='bbox 595 1649 749 1694; x_wconf 83' lang='lat' dir='ltr'><strong>consecutas</strong></span> <span class='ocrx_word' id='word_1_120' title='bbox 761 1638 971 1712; x_wconf 82' lang='lat' dir='ltr'><strong>depravationis</strong></span> <span class='ocrx_word' id='word_1_121' title='bbox 986 1657 1105 1696; x_wconf 88' lang='lat' dir='ltr'><strong>morum.</strong></span> <span class='ocrx_word' id='word_1_122' title='bbox 1122 1641 1200 1694; x_wconf 84' lang='lat' dir='ltr'><strong>Lau-</strong></span> 
     </span>
     <span class='ocr_line' id='line_1_14' title="bbox 163 1725 1256 1804; baseline 0.001 -20"><span class='ocrx_word' id='word_1_123' title='bbox 163 1729 212 1784; x_wconf 90' lang='lat' dir='ltr'><strong>dat</strong></span> <span class='ocrx_word' id='word_1_124' title='bbox 222 1730 354 1804; x_wconf 80' lang='lat' dir='ltr'><strong>Agesilai</strong></span> <span class='ocrx_word' id='word_1_125' title='bbox 363 1729 497 1804; x_wconf 82' lang='lat' dir='ltr'><strong>pietatem</strong></span> <span class='ocrx_word' id='word_1_126' title='bbox 509 1749 532 1785; x_wconf 89' lang='lat' dir='ltr'><strong>c.</strong></span> <span class='ocrx_word' id='word_1_127' title='bbox 551 1737 567 1796; x_wconf 73' lang='grc'>4</span> <span class='ocrx_word' id='word_1_128' title='bbox 579 1750 585 1784; x_wconf 91' lang='lat'><strong>:</strong></span> <span class='ocrx_word' id='word_1_129' title='bbox 597 1755 609 1781; x_wconf 69' lang='grc' dir='ltr'><strong>ιι</strong></span> <span class='ocrx_word' id='word_1_130' title='bbox 621 1730 680 1800; x_wconf 90' lang='lat' dir='ltr'><strong>Qui</strong></span> <span class='ocrx_word' id='word_1_131' title='bbox 694 1749 779 1804; x_wconf 60' lang='lat' dir='ltr'><strong>mum</strong></span> <span class='ocrx_word' id='word_1_132' title='bbox 792 1729 895 1786; x_wconf 85' lang='lat' dir='ltr'><strong>victori</strong></span> <span class='ocrx_word' id='word_1_133' title='bbox 908 1741 1038 1804; x_wconf 84' lang='lat' dir='ltr'><strong>praeesset</strong></span> <span class='ocrx_word' id='word_1_134' title='bbox 1054 1730 1201 1803; x_wconf 85' lang='lat' dir='ltr'><strong>exercitui,</strong></span> <span class='ocrx_word' id='word_1_135' title='bbox 1255 1725 1256 1729; x_wconf 60' lang='grc'>’</span> 
     </span>
     <span class='ocr_line' id='line_1_15' title="bbox 161 1821 1197 1902; baseline 0 -24"><span class='ocrx_word' id='word_1_136' title='bbox 161 1823 367 1896; x_wconf 84' lang='lat' dir='ltr'><strong>maximamque</strong></span> <span class='ocrx_word' id='word_1_137' title='bbox 388 1823 506 1902; x_wconf 87' lang='lat' dir='ltr'><strong>haberet</strong></span> <span class='ocrx_word' id='word_1_138' title='bbox 530 1821 661 1879; x_wconf 87' lang='lat' dir='ltr'><strong>fiduciam</strong></span> <span class='ocrx_word' id='word_1_139' title='bbox 681 1823 763 1897; x_wconf 81' lang='lat' dir='ltr'><strong>regni</strong></span> <span class='ocrx_word' id='word_1_140' title='bbox 784 1825 930 1880; x_wconf 89' lang='lat' dir='ltr'><strong>Persarum</strong></span> <span class='ocrx_word' id='word_1_141' title='bbox 954 1823 1099 1897; x_wconf 89' lang='lat' dir='ltr'><strong>potiundi,</strong></span> <span class='ocrx_word' id='word_1_142' title='bbox 1121 1833 1197 1878; x_wconf 82' lang='lat' dir='ltr'><strong>tanta</strong></span> 
     </span>
     <span class='ocr_line' id='line_1_16' title="bbox 163 1914 1202 1989; baseline 0.004 -20"><span class='ocrx_word' id='word_1_143' title='bbox 163 1915 301 1972; x_wconf 89' lang='lat' dir='ltr'><strong>modestia</strong></span> <span class='ocrx_word' id='word_1_144' title='bbox 316 1915 394 1972; x_wconf 88' lang='lat' dir='ltr'><strong>dicto</strong></span> <span class='ocrx_word' id='word_1_145' title='bbox 410 1915 526 1971; x_wconf 92' lang='lat' dir='ltr'><strong>audiens</strong></span> <span class='ocrx_word' id='word_1_146' title='bbox 539 1915 592 1970; x_wconf 80' lang='lat' dir='ltr'><strong>suit</strong></span> <span class='ocrx_word' id='word_1_147' title='bbox 609 1916 691 1988; x_wconf 85' lang='lat' dir='ltr'><strong>jussis</strong></span> <span class='ocrx_word' id='word_1_148' title='bbox 709 1914 865 1971; x_wconf 91' lang='lat' dir='ltr'><strong>absentium</strong></span> <span class='ocrx_word' id='word_1_149' title='bbox 885 1915 1108 1989; x_wconf 83' lang='lat' dir='ltr'><strong>magistratuum,</strong></span> <span class='ocrx_word' id='word_1_150' title='bbox 1128 1926 1159 1970; x_wconf 92' lang='lat' dir='ltr'><strong>ut</strong></span> <span class='ocrx_word' id='word_1_151' title='bbox 1178 1916 1202 1974; x_wconf 89' lang='lat' dir='ltr'><strong>si</strong></span> 
     </span>
    </p>
   </div>
   <div class='ocr_carea' id='block_1_7' title="bbox 164 2007 1286 2082">
    <p class='ocr_par' dir='ltr' id='par_1_8' title="bbox 164 2007 1286 2082">
     <span class='ocr_line' id='line_1_17' title="bbox 164 2007 1286 2082; baseline 0.002 -21"><span class='ocrx_word' id='word_1_152' title='bbox 164 2007 289 2080; x_wconf 86' lang='lat' dir='ltr'><strong>privatus</strong></span> <span class='ocrx_word' id='word_1_153' title='bbox 302 2008 333 2062; x_wconf 93' lang='lat' dir='ltr'><strong>in</strong></span> <span class='ocrx_word' id='word_1_154' title='bbox 349 2008 465 2064; x_wconf 88' lang='lat' dir='ltr'><strong>comitio</strong></span> <span class='ocrx_word' id='word_1_155' title='bbox 479 2018 551 2064; x_wconf 89' lang='lat' dir='ltr'><strong>esset</strong></span> <span class='ocrx_word' id='word_1_156' title='bbox 563 2009 684 2081; x_wconf 78' lang='lat' dir='ltr'><strong>Spartae3</strong></span> <span class='ocrx_word' id='word_1_157' title='bbox 693 2031 705 2058; x_wconf 75' lang='lat' dir='ltr'><strong>a</strong></span> <span class='ocrx_word' id='word_1_158' title='bbox 719 2008 924 2081; x_wconf 85' lang='lat' dir='ltr'><strong>etsubjungit:</strong></span> <span class='ocrx_word' id='word_1_159' title='bbox 943 2007 1026 2077; x_wconf 82' lang='lat' dir='ltr'><strong>Cujus</strong></span> <span class='ocrx_word' id='word_1_160' title='bbox 1042 2011 1202 2082; x_wconf 78' lang='lat' dir='ltr'><strong>exemplum</strong></span> <span class='ocrx_word' id='word_1_161' title='bbox 1283 2011 1286 2028; x_wconf 70' lang='lat'><strong>&#39;⁴</strong></span> 
     </span>
    </p>
   </div>
   <div class='ocr_carea' id='block_1_8' title="bbox 122 2093 1257 4206">
    <p class='ocr_par' dir='ltr' id='par_1_9' title="bbox 122 2093 1257 3648">
     <span class='ocr_line' id='line_1_18' title="bbox 164 2093 1201 2175; baseline 0.001 -22"><span class='ocrx_word' id='word_1_162' title='bbox 164 2101 270 2155; x_wconf 80' lang='lat' dir='ltr'><strong>utt&#39;nam</strong></span> <span class='ocrx_word' id='word_1_163' title='bbox 285 2095 471 2174; x_wconf 75' lang='lat' dir='ltr'><strong>imperatores</strong></span> <span class='ocrx_word' id='word_1_164' title='bbox 487 2100 576 2156; x_wconf 84' lang='lat' dir='ltr'><strong>nostri</strong></span> <span class='ocrx_word' id='word_1_165' title='bbox 585 2093 666 2175; x_wconf 81' lang='lat' dir='ltr'><strong>sequi</strong></span> <span class='ocrx_word' id='word_1_166' title='bbox 677 2100 848 2156; x_wconf 80' lang='lat' dir='ltr'><strong>voluissent!</strong></span> <span class='ocrx_word' id='word_1_167' title='bbox 864 2099 930 2154; x_wconf 85' lang='lat' dir='ltr'><strong>Haec</strong></span> <span class='ocrx_word' id='word_1_168' title='bbox 944 2100 1046 2168; x_wconf 83' lang='lat' dir='ltr'><strong>verba,</strong></span> <span class='ocrx_word' id='word_1_169' title='bbox 1064 2118 1124 2172; x_wconf 86' lang='lat' dir='ltr'><strong>quae</strong></span> <span class='ocrx_word' id='word_1_170' title='bbox 1138 2099 1201 2171; x_wconf 85' lang='lat' dir='ltr'><strong>jus-</strong></span> 
     </span>
     <span class='ocr_line' id='line_1_19' title="bbox 152 2175 1201 2267; baseline -0.002 -20"><span class='ocrx_word' id='word_1_171' title='bbox 152 2183 223 2248; x_wconf 87' lang='lat' dir='ltr'><strong>tum</strong></span> <span class='ocrx_word' id='word_1_172' title='bbox 239 2192 294 2247; x_wconf 85' lang='lat' dir='ltr'><strong>viri</strong></span> <span class='ocrx_word' id='word_1_173' title='bbox 312 2193 382 2247; x_wconf 92' lang='lat' dir='ltr'><strong>boni</strong></span> <span class='ocrx_word' id='word_1_174' title='bbox 401 2192 531 2247; x_wconf 90' lang='lat' dir='ltr'><strong>dolorem</strong></span> <span class='ocrx_word' id='word_1_175' title='bbox 548 2212 564 2248; x_wconf 92' lang='lat' dir='ltr'><strong>e</strong></span> <span class='ocrx_word' id='word_1_176' title='bbox 579 2192 794 2266; x_wconf 89' lang='lat' dir='ltr'><strong>perturbatione</strong></span> <span class='ocrx_word' id='word_1_177' title='bbox 809 2175 906 2267; x_wconf 79' lang='lat' dir='ltr'><strong>patriae</strong></span> <span class='ocrx_word' id='word_1_178' title='bbox 923 2202 1088 2265; x_wconf 90' lang='lat' dir='ltr'><strong>conceptum</strong></span> <span class='ocrx_word' id='word_1_179' title='bbox 1106 2189 1201 2246; x_wconf 87' lang='lat' dir='ltr'><strong>mani-</strong></span> 
     </span>
     <span class='ocr_line' id='line_1_20' title="bbox 164 2283 1203 2366; baseline -0.002 -26"><span class='ocrx_word' id='word_1_180' title='bbox 164 2285 278 2354; x_wconf 76' lang='lat' dir='ltr'><strong>festant,</strong></span> <span class='ocrx_word' id='word_1_181' title='bbox 296 2289 392 2366; x_wconf 85' lang='lat' dir='ltr'><strong>aperte</strong></span> <span class='ocrx_word' id='word_1_182' title='bbox 407 2283 559 2358; x_wconf 90' lang='lat' dir='ltr'><strong>respiciunt</strong></span> <span class='ocrx_word' id='word_1_183' title='bbox 576 2286 613 2341; x_wconf 91' lang='lat' dir='ltr'><strong>ad</strong></span> <span class='ocrx_word' id='word_1_184' title='bbox 632 2287 665 2340; x_wconf 86' lang='lat' dir='ltr'><strong>L.</strong></span> <span class='ocrx_word' id='word_1_185' title='bbox 684 2285 802 2359; x_wconf 89' lang='lat' dir='ltr'><strong>Syllam,</strong></span> <span class='ocrx_word' id='word_1_186' title='bbox 819 2285 867 2358; x_wconf 85' lang='lat' dir='ltr'><strong>qui</strong></span> <span class='ocrx_word' id='word_1_187' title='bbox 886 2283 992 2358; x_wconf 88' lang='lat' dir='ltr'><strong>primus</strong></span> <span class='ocrx_word' id='word_1_188' title='bbox 1012 2283 1155 2353; x_wconf 90' lang='lat' dir='ltr'><strong>omnium,</strong></span> <span class='ocrx_word' id='word_1_189' title='bbox 1175 2295 1203 2340; x_wconf 90' lang='lat' dir='ltr'><strong>et</strong></span> 
     </span>
     <span class='ocr_line' id='line_1_21' title="bbox 164 2371 1203 2452; baseline 0 -20"><span class='ocrx_word' id='word_1_190' title='bbox 164 2378 201 2434; x_wconf 91' lang='lat' dir='ltr'><strong>ad</strong></span> <span class='ocrx_word' id='word_1_191' title='bbox 220 2377 323 2433; x_wconf 85' lang='lat' dir='ltr'><strong>lulium</strong></span> <span class='ocrx_word' id='word_1_192' title='bbox 342 2376 489 2446; x_wconf 82' lang='lat' dir='ltr'><strong>Caesarem,</strong></span> <span class='ocrx_word' id='word_1_193' title='bbox 507 2377 556 2449; x_wconf 93' lang='lat' dir='ltr'><strong>qui</strong></span> <span class='ocrx_word' id='word_1_194' title='bbox 574 2376 700 2451; x_wconf 89' lang='lat' dir='ltr'><strong>sequenti</strong></span> <span class='ocrx_word' id='word_1_195' title='bbox 715 2388 843 2452; x_wconf 90' lang='lat' dir='ltr'><strong>tempore</strong></span> <span class='ocrx_word' id='word_1_196' title='bbox 865 2377 1018 2433; x_wconf 84' lang='lat' dir='ltr'><strong>exercitum</strong></span> <span class='ocrx_word' id='word_1_197' title='bbox 1039 2371 1203 2448; x_wconf 87' lang='lat' dir='ltr'><strong>romanum,</strong></span> 
     </span>
     <span class='ocr_line' id='line_1_22' title="bbox 165 2467 1204 2542; baseline 0 -18"><span class='ocrx_word' id='word_1_198' title='bbox 165 2469 210 2524; x_wconf 90' lang='lat' dir='ltr'><strong>cui</strong></span> <span class='ocrx_word' id='word_1_199' title='bbox 226 2467 350 2542; x_wconf 81' lang='lat' dir='ltr'><strong>praefecti</strong></span> <span class='ocrx_word' id='word_1_200' title='bbox 361 2479 455 2538; x_wconf 90' lang='lat' dir='ltr'><strong>erant,</strong></span> <span class='ocrx_word' id='word_1_201' title='bbox 469 2478 582 2524; x_wconf 82' lang='lat' dir='ltr'><strong>vetante</strong></span> <span class='ocrx_word' id='word_1_202' title='bbox 595 2479 705 2537; x_wconf 89' lang='lat' dir='ltr'><strong>senatu,</strong></span> <span class='ocrx_word' id='word_1_203' title='bbox 720 2469 852 2524; x_wconf 87' lang='lat' dir='ltr'><strong>adversus</strong></span> <span class='ocrx_word' id='word_1_204' title='bbox 865 2468 964 2523; x_wconf 91' lang='lat' dir='ltr'><strong>urbem</strong></span> <span class='ocrx_word' id='word_1_205' title='bbox 980 2469 1100 2524; x_wconf 86' lang='lat' dir='ltr'><strong>Romam</strong></span> <span class='ocrx_word' id='word_1_206' title='bbox 1113 2469 1204 2525; x_wconf 86' lang='lat' dir='ltr'><strong>duxe-</strong></span> 
     </span>
     <span class='ocr_line' id='line_1_23' title="bbox 164 2558 1202 2634; baseline -0.001 -18"><span class='ocrx_word' id='word_1_207' title='bbox 164 2569 239 2616; x_wconf 87' lang='lat' dir='ltr'><strong>runt.</strong></span> <span class='ocrx_word' id='word_1_208' title='bbox 258 2561 376 2616; x_wconf 88' lang='lat' dir='ltr'><strong>Possent</strong></span> <span class='ocrx_word' id='word_1_209' title='bbox 395 2561 480 2616; x_wconf 89' lang='lat' dir='ltr'><strong>etiam</strong></span> <span class='ocrx_word' id='word_1_210' title='bbox 500 2561 636 2634; x_wconf 88' lang='lat' dir='ltr'><strong>applicari</strong></span> <span class='ocrx_word' id='word_1_211' title='bbox 656 2561 692 2616; x_wconf 94' lang='lat' dir='ltr'><strong>ad</strong></span> <span class='ocrx_word' id='word_1_212' title='bbox 709 2561 871 2630; x_wconf 87' lang='lat' dir='ltr'><strong>Octavium,</strong></span> <span class='ocrx_word' id='word_1_213' title='bbox 887 2560 947 2633; x_wconf 91' lang='lat' dir='ltr'><strong>qui,</strong></span> <span class='ocrx_word' id='word_1_214' title='bbox 966 2578 1028 2614; x_wconf 92' lang='lat' dir='ltr'><strong>cum</strong></span> <span class='ocrx_word' id='word_1_215' title='bbox 1046 2558 1169 2616; x_wconf 84' lang='lat' dir='ltr'><strong>exercitu</strong></span> <span class='ocrx_word' id='word_1_216' title='bbox 1186 2579 1202 2615; x_wconf 81' lang='lat' dir='ltr'><strong>a</strong></span> 
     </span>
     <span class='ocr_line' id='line_1_24' title="bbox 122 2647 1204 2727; baseline 0.002 -21"><span class='ocrx_word' id='word_1_217' title='bbox 122 2647 125 2652; x_wconf 65' lang='grc'><strong>’</strong></span> <span class='ocrx_word' id='word_1_218' title='bbox 165 2661 262 2707; x_wconf 89' lang='lat' dir='ltr'><strong>senatu</strong></span> <span class='ocrx_word' id='word_1_219' title='bbox 277 2651 376 2706; x_wconf 89' lang='lat' dir='ltr'><strong>missus</strong></span> <span class='ocrx_word' id='word_1_220' title='bbox 392 2663 491 2708; x_wconf 88' lang='lat' dir='ltr'><strong>contra</strong></span> <span class='ocrx_word' id='word_1_221' title='bbox 508 2653 677 2722; x_wconf 82' lang='lat' dir='ltr'><strong>Antonium,</strong></span> <span class='ocrx_word' id='word_1_222' title='bbox 693 2653 777 2726; x_wconf 89' lang='lat' dir='ltr'><strong>paulo</strong></span> <span class='ocrx_word' id='word_1_223' title='bbox 792 2662 955 2727; x_wconf 76' lang='lat' dir='ltr'><strong>posterna</strong></span> <span class='ocrx_word' id='word_1_224' title='bbox 972 2651 1104 2708; x_wconf 83' lang='lat' dir='ltr'><strong>adversus</strong></span> <span class='ocrx_word' id='word_1_225' title='bbox 1121 2671 1204 2709; x_wconf 89' lang='lat' dir='ltr'><strong>sena·</strong></span> 
     </span>
     <span class='ocr_line' id='line_1_25' title="bbox 164 2741 1202 2817; baseline 0.001 -18"><span class='ocrx_word' id='word_1_226' title='bbox 164 2754 223 2799; x_wconf 91' lang='lat' dir='ltr'><strong>tum</strong></span> <span class='ocrx_word' id='word_1_227' title='bbox 240 2743 393 2813; x_wconf 80' lang='lat' dir='ltr'><strong>convertit3</strong></span> <span class='ocrx_word' id='word_1_228' title='bbox 408 2745 432 2799; x_wconf 91' lang='lat' dir='ltr'><strong>si</strong></span> <span class='ocrx_word' id='word_1_229' title='bbox 451 2742 520 2800; x_wconf 92' lang='lat' dir='ltr'><strong>certi</strong></span> <span class='ocrx_word' id='word_1_230' title='bbox 536 2762 657 2800; x_wconf 86' lang='lat' dir='ltr'><strong>essemus</strong></span> <span class='ocrx_word' id='word_1_231' title='bbox 672 2742 708 2799; x_wconf 93' lang='lat' dir='ltr'><strong>de</strong></span> <span class='ocrx_word' id='word_1_232' title='bbox 722 2762 812 2813; x_wconf 90' lang='lat' dir='ltr'><strong>anno,</strong></span> <span class='ocrx_word' id='word_1_233' title='bbox 828 2761 884 2816; x_wconf 94' lang='lat' dir='ltr'><strong>quo</strong></span> <span class='ocrx_word' id='word_1_234' title='bbox 903 2741 1000 2817; x_wconf 86' lang='lat' dir='ltr'><strong>Nepos</strong></span> <span class='ocrx_word' id='word_1_235' title='bbox 1019 2743 1089 2798; x_wconf 84' lang='lat' dir='ltr'><strong>vitas</strong></span> <span class='ocrx_word' id='word_1_236' title='bbox 1107 2745 1202 2800; x_wconf 88' lang='lat' dir='ltr'><strong>excel-</strong></span> 
     </span>
     <span class='ocr_line' id='line_1_26' title="bbox 165 2835 1248 2911; baseline 0 -20"><span class='ocrx_word' id='word_1_237' title='bbox 165 2836 283 2892; x_wconf 87' lang='lat' dir='ltr'><strong>lentium</strong></span> <span class='ocrx_word' id='word_1_238' title='bbox 306 2836 510 2911; x_wconf 91' lang='lat' dir='ltr'><strong>imperatorum</strong></span> <span class='ocrx_word' id='word_1_239' title='bbox 531 2835 706 2910; x_wconf 89' lang='lat' dir='ltr'><strong>conscripsit.</strong></span> <span class='ocrx_word' id='word_1_240' title='bbox 729 2839 771 2892; x_wconf 90' lang='lat' dir='ltr'><strong>De</strong></span> <span class='ocrx_word' id='word_1_241' title='bbox 799 2835 975 2908; x_wconf 76' lang='lat' dir='ltr'><strong>Thrasybulo</strong></span> <span class='ocrx_word' id='word_1_242' title='bbox 997 2853 1096 2910; x_wconf 88' lang='lat' dir='ltr'><strong>agens,</strong></span> <span class='ocrx_word' id='word_1_243' title='bbox 1118 2855 1205 2911; x_wconf 92' lang='lat' dir='ltr'><strong>quum</strong></span> <span class='ocrx_word' id='word_1_244' title='bbox 1247 2861 1248 2868; x_wconf 46' lang='lat'>¹</span> 
     </span>
     <span class='ocr_line' id='line_1_27' title="bbox 166 2928 1205 3003; baseline 0.001 -19"><span class='ocrx_word' id='word_1_245' title='bbox 166 2929 288 2986; x_wconf 85' lang='lat' dir='ltr'><strong>Athenas</strong></span> <span class='ocrx_word' id='word_1_246' title='bbox 300 2929 421 2986; x_wconf 85' lang='lat' dir='ltr'><strong>liberare</strong></span> <span class='ocrx_word' id='word_1_247' title='bbox 434 2947 579 3002; x_wconf 84' lang='lat' dir='ltr'><strong>aggressus</strong></span> <span class='ocrx_word' id='word_1_248' title='bbox 592 2940 664 2985; x_wconf 88' lang='lat' dir='ltr'><strong>esset</strong></span> <span class='ocrx_word' id='word_1_249' title='bbox 668 2971 677 2999; x_wconf 95' lang='lat'><strong>,</strong></span> <span class='ocrx_word' id='word_1_250' title='bbox 685 2929 778 3003; x_wconf 90' lang='lat' dir='ltr'><strong>inquit</strong></span> <span class='ocrx_word' id='word_1_251' title='bbox 785 2928 948 2998; x_wconf 89' lang='lat' dir='ltr'><strong>Cornelius,</strong></span> <span class='ocrx_word' id='word_1_252' title='bbox 961 2947 1050 3002; x_wconf 83' lang='lat' dir='ltr'><strong>capa</strong></span> <span class='ocrx_word' id='word_1_253' title='bbox 1065 2949 1096 2983; x_wconf 72' lang='lat' dir='ltr'><strong>:a</strong></span> <span class='ocrx_word' id='word_1_254' title='bbox 1104 2930 1205 3002; x_wconf 87' lang='lat' dir='ltr'><strong>Neque</strong></span> 
     </span>
     <span class='ocr_line' id='line_1_28' title="bbox 166 3019 1257 3096; baseline 0.001 -22"><span class='ocrx_word' id='word_1_255' title='bbox 166 3030 261 3076; x_wconf 75' lang='lat' dir='ltr'><strong>manen</strong></span> <span class='ocrx_word' id='word_1_256' title='bbox 279 3039 332 3094; x_wconf 93' lang='lat' dir='ltr'><strong>pro</strong></span> <span class='ocrx_word' id='word_1_257' title='bbox 352 3021 488 3095; x_wconf 90' lang='lat' dir='ltr'><strong>opinione</strong></span> <span class='ocrx_word' id='word_1_258' title='bbox 505 3021 674 3096; x_wconf 83' lang='lat' dir='ltr'><strong>Thrasybuli</strong></span> <span class='ocrx_word' id='word_1_259' title='bbox 694 3032 779 3077; x_wconf 85' lang='lat' dir='ltr'><strong>auctae</strong></span> <span class='ocrx_word' id='word_1_260' title='bbox 799 3031 862 3076; x_wconf 93' lang='lat' dir='ltr'><strong>sunt</strong></span> <span class='ocrx_word' id='word_1_261' title='bbox 879 3037 955 3095; x_wconf 90' lang='lat' dir='ltr'><strong>opes.</strong></span> <span class='ocrx_word' id='word_1_262' title='bbox 975 3022 1047 3076; x_wconf 90' lang='lat' dir='ltr'><strong>Nam</strong></span> <span class='ocrx_word' id='word_1_263' title='bbox 1060 3019 1126 3091; x_wconf 63' lang='grc' dir='ltr'><strong>ιιάιη</strong></span> <span class='ocrx_word' id='word_1_264' title='bbox 1147 3033 1205 3076; x_wconf 86' lang='lat' dir='ltr'><strong>tum</strong></span> <span class='ocrx_word' id='word_1_265' title='bbox 1254 3062 1257 3068; x_wconf 83' lang='lat'><em>.</em></span> 
     </span>
     <span class='ocr_line' id='line_1_29' title="bbox 165 3109 1205 3188; baseline 0.001 -21"><span class='ocrx_word' id='word_1_266' title='bbox 165 3111 223 3170; x_wconf 90' lang='lat' dir='ltr'><strong>illis</strong></span> <span class='ocrx_word' id='word_1_267' title='bbox 234 3112 409 3186; x_wconf 89' lang='lat' dir='ltr'><strong>temporibus</strong></span> <span class='ocrx_word' id='word_1_268' title='bbox 422 3114 521 3170; x_wconf 84' lang='lat' dir='ltr'><strong>fortius</strong></span> <span class='ocrx_word' id='word_1_269' title='bbox 536 3114 607 3169; x_wconf 91' lang='lat' dir='ltr'><strong>boni</strong></span> <span class='ocrx_word' id='word_1_270' title='bbox 623 3133 676 3188; x_wconf 91' lang='lat' dir='ltr'><strong>pro</strong></span> <span class='ocrx_word' id='word_1_271' title='bbox 694 3113 823 3168; x_wconf 90' lang='lat' dir='ltr'><strong>libertate</strong></span> <span class='ocrx_word' id='word_1_272' title='bbox 838 3113 1035 3186; x_wconf 88' lang='lat' dir='ltr'><strong>loquebantur,</strong></span> <span class='ocrx_word' id='word_1_273' title='bbox 1053 3109 1138 3187; x_wconf 85' lang='lat' dir='ltr'><strong>quam</strong></span> <span class='ocrx_word' id='word_1_274' title='bbox 1150 3132 1205 3187; x_wconf 90' lang='lat' dir='ltr'><strong>pu-</strong></span> 
     </span>
     <span class='ocr_line' id='line_1_30' title="bbox 167 3205 1204 3279; baseline -0.001 -18"><span class='ocrx_word' id='word_1_275' title='bbox 167 3206 300 3279; x_wconf 84' lang='lat' dir='ltr'><strong>gnabant.</strong></span> <span class='ocrx_word' id='word_1_276' title='bbox 317 3229 329 3256; x_wconf 72' lang='lat' dir='ltr'><strong>a</strong></span> <span class='ocrx_word' id='word_1_277' title='bbox 348 3207 454 3261; x_wconf 90' lang='lat' dir='ltr'><strong>Dolens</strong></span> <span class='ocrx_word' id='word_1_278' title='bbox 471 3217 616 3278; x_wconf 88' lang='lat' dir='ltr'><strong>comparat</strong></span> <span class='ocrx_word' id='word_1_279' title='bbox 634 3216 731 3261; x_wconf 90' lang='lat' dir='ltr'><strong>auctor</strong></span> <span class='ocrx_word' id='word_1_280' title='bbox 746 3224 795 3261; x_wconf 89' lang='lat' dir='ltr'><strong>sua</strong></span> <span class='ocrx_word' id='word_1_281' title='bbox 814 3206 900 3278; x_wconf 91' lang='lat' dir='ltr'><strong>ipsius</strong></span> <span class='ocrx_word' id='word_1_282' title='bbox 920 3216 1049 3278; x_wconf 89' lang='lat' dir='ltr'><strong>tempora</strong></span> <span class='ocrx_word' id='word_1_283' title='bbox 1069 3224 1132 3261; x_wconf 90' lang='lat' dir='ltr'><strong>cum</strong></span> <span class='ocrx_word' id='word_1_284' title='bbox 1149 3205 1204 3260; x_wconf 90' lang='lat' dir='ltr'><strong>illis</strong></span> 
     </span>
     <span class='ocr_line' id='line_1_31' title="bbox 168 3297 1206 3372; baseline -0.002 -20"><span class='ocrx_word' id='word_1_285' title='bbox 168 3298 268 3372; x_wconf 91' lang='lat' dir='ltr'><strong>quibus</strong></span> <span class='ocrx_word' id='word_1_286' title='bbox 285 3297 414 3366; x_wconf 80' lang='lat' dir='ltr'><strong>Athenae,</strong></span> <span class='ocrx_word' id='word_1_287' title='bbox 430 3308 550 3370; x_wconf 90' lang='lat' dir='ltr'><strong>quatuor</strong></span> <span class='ocrx_word' id='word_1_288' title='bbox 565 3298 622 3355; x_wconf 79' lang='lat' dir='ltr'><strong>sere</strong></span> <span class='ocrx_word' id='word_1_289' title='bbox 636 3298 734 3354; x_wconf 88' lang='lat' dir='ltr'><strong>seculis</strong></span> <span class='ocrx_word' id='word_1_290' title='bbox 751 3308 829 3367; x_wconf 91' lang='lat' dir='ltr'><strong>ante,</strong></span> <span class='ocrx_word' id='word_1_291' title='bbox 846 3297 954 3353; x_wconf 88' lang='lat' dir='ltr'><strong>tristem</strong></span> <span class='ocrx_word' id='word_1_292' title='bbox 971 3298 1023 3352; x_wconf 89' lang='lat' dir='ltr'><strong>sub</strong></span> <span class='ocrx_word' id='word_1_293' title='bbox 1036 3297 1149 3370; x_wconf 87' lang='lat' dir='ltr'><strong>triginta</strong></span> <span class='ocrx_word' id='word_1_294' title='bbox 1163 3307 1206 3372; x_wconf 84' lang='lat' dir='ltr'><strong>ty-</strong></span> 
     </span>
     <span class='ocr_line' id='line_1_32' title="bbox 166 3389 1205 3463; baseline -0.002 -19"><span class='ocrx_word' id='word_1_295' title='bbox 166 3390 263 3445; x_wconf 91' lang='lat' dir='ltr'><strong>rannis</strong></span> <span class='ocrx_word' id='word_1_296' title='bbox 279 3389 440 3445; x_wconf 79' lang='lat' dir='ltr'><strong>servimtem</strong></span> <span class='ocrx_word' id='word_1_297' title='bbox 455 3390 606 3455; x_wconf 85' lang='lat' dir='ltr'><strong>subierant.</strong></span> <span class='ocrx_word' id='word_1_298' title='bbox 626 3390 695 3460; x_wconf 89' lang='lat' dir='ltr'><strong>Quis</strong></span> <span class='ocrx_word' id='word_1_299' title='bbox 709 3390 785 3446; x_wconf 89' lang='lat' dir='ltr'><strong>enim</strong></span> <span class='ocrx_word' id='word_1_300' title='bbox 797 3389 902 3459; x_wconf 89' lang='lat' dir='ltr'><strong>nescit,</strong></span> <span class='ocrx_word' id='word_1_301' title='bbox 915 3389 964 3444; x_wconf 88' lang='lat' dir='ltr'><strong>illa</strong></span> <span class='ocrx_word' id='word_1_302' title='bbox 973 3389 1080 3463; x_wconf 64' lang='lat' dir='ltr'><strong>uerba,</strong></span> <span class='ocrx_word' id='word_1_303' title='bbox 1093 3389 1205 3443; x_wconf 84' lang='lat' dir='ltr'><strong>Fortius</strong></span> 
     </span>
     <span class='ocr_line' id='line_1_33' title="bbox 167 3479 1205 3556; baseline -0.001 -20"><span class='ocrx_word' id='word_1_304' title='bbox 167 3482 232 3536; x_wconf 84' lang='lat' dir='ltr'><strong>boni</strong></span> <span class='ocrx_word' id='word_1_305' title='bbox 248 3499 307 3555; x_wconf 88' lang='lat' dir='ltr'><strong>pro</strong></span> <span class='ocrx_word' id='word_1_306' title='bbox 332 3481 454 3536; x_wconf 78' lang='lat' dir='ltr'><strong>libertate</strong></span> <span class='ocrx_word' id='word_1_307' title='bbox 476 3483 666 3556; x_wconf 85' lang='lat' dir='ltr'><strong>loquebantur,</strong></span> <span class='ocrx_word' id='word_1_308' title='bbox 693 3499 778 3556; x_wconf 83' lang='lat' dir='ltr'><strong>quum</strong></span> <span class='ocrx_word' id='word_1_309' title='bbox 798 3481 979 3556; x_wconf 78' lang='lat' dir='ltr'><strong>pugnabant,</strong></span> <span class='ocrx_word' id='word_1_310' title='bbox 1004 3479 1078 3535; x_wconf 87' lang='lat' dir='ltr'><strong>inter</strong></span> <span class='ocrx_word' id='word_1_311' title='bbox 1102 3480 1205 3540; x_wconf 86' lang='lat' dir='ltr'><strong>multos</strong></span> 
     </span>
     <span class='ocr_line' id='line_1_34' title="bbox 168 3571 1206 3648; baseline -0.003 -19"><span class='ocrx_word' id='word_1_312' title='bbox 168 3574 237 3629; x_wconf 85' lang='lat' dir='ltr'><strong>alios</strong></span> <span class='ocrx_word' id='word_1_313' title='bbox 250 3575 281 3629; x_wconf 93' lang='lat' dir='ltr'><strong>in</strong></span> <span class='ocrx_word' id='word_1_314' title='bbox 301 3574 393 3647; x_wconf 91' lang='lat' dir='ltr'><strong>ipsum</strong></span> <span class='ocrx_word' id='word_1_315' title='bbox 408 3574 588 3643; x_wconf 88' lang='lat' dir='ltr'><strong>Ciceronem,</strong></span> <span class='ocrx_word' id='word_1_316' title='bbox 605 3574 748 3648; x_wconf 86' lang='lat' dir='ltr'><strong>egregium</strong></span> <span class='ocrx_word' id='word_1_317' title='bbox 764 3573 891 3647; x_wconf 88' lang='lat' dir='ltr'><strong>alioquin</strong></span> <span class='ocrx_word' id='word_1_318' title='bbox 909 3573 1016 3641; x_wconf 87' lang='lat' dir='ltr'><strong>civem,</strong></span> <span class='ocrx_word' id='word_1_319' title='bbox 1034 3571 1206 3636; x_wconf 76' lang='lat' dir='ltr'><strong>convenire?</strong></span> 
     </span>
    </p>

    <p class='ocr_par' dir='ltr' id='par_1_10' title="bbox 168 3665 1207 4206">
     <span class='ocr_line' id='line_1_35' title="bbox 205 3665 1206 3739; baseline 0 -19"><span class='ocrx_word' id='word_1_320' title='bbox 205 3667 272 3720; x_wconf 86' lang='lat' dir='ltr'><strong>Haec</strong></span> <span class='ocrx_word' id='word_1_321' title='bbox 293 3676 320 3720; x_wconf 88' lang='lat' dir='ltr'><strong>et</strong></span> <span class='ocrx_word' id='word_1_322' title='bbox 340 3665 394 3721; x_wconf 89' lang='lat' dir='ltr'><strong>alia</strong></span> <span class='ocrx_word' id='word_1_323' title='bbox 411 3666 476 3725; x_wconf 85' lang='lat' dir='ltr'><strong>satis</strong></span> <span class='ocrx_word' id='word_1_324' title='bbox 494 3681 631 3739; x_wconf 86' lang='lat' dir='ltr'><strong>superque</strong></span> <span class='ocrx_word' id='word_1_325' title='bbox 647 3665 809 3736; x_wconf 86' lang='lat' dir='ltr'><strong>declarant,</strong></span> <span class='ocrx_word' id='word_1_326' title='bbox 828 3665 851 3720; x_wconf 91' lang='lat' dir='ltr'><strong>si</strong></span> <span class='ocrx_word' id='word_1_327' title='bbox 873 3665 1116 3738; x_wconf 85' lang='lat' dir='ltr'><strong>argumentatione</strong></span> <span class='ocrx_word' id='word_1_328' title='bbox 1134 3682 1206 3739; x_wconf 89' lang='lat' dir='ltr'><strong>opus</strong></span> 
     </span>
     <span class='ocr_line' id='line_1_36' title="bbox 168 3750 1207 3830; baseline 0 -18"><span class='ocrx_word' id='word_1_329' title='bbox 168 3767 240 3813; x_wconf 85' lang='lat' dir='ltr'><strong>esset</strong></span> <span class='ocrx_word' id='word_1_330' title='bbox 255 3757 286 3812; x_wconf 90' lang='lat' dir='ltr'><strong>in</strong></span> <span class='ocrx_word' id='word_1_331' title='bbox 300 3775 331 3811; x_wconf 89' lang='lat' dir='ltr'><strong>re</strong></span> <span class='ocrx_word' id='word_1_332' title='bbox 347 3750 488 3826; x_wconf 82' lang='lat' dir='ltr'><strong>confecta,</strong></span> <span class='ocrx_word' id='word_1_333' title='bbox 500 3757 602 3812; x_wconf 82' lang='lat' dir='ltr'><strong>vixisse</strong></span> <span class='ocrx_word' id='word_1_334' title='bbox 615 3768 757 3812; x_wconf 90' lang='lat' dir='ltr'><strong>auctorem</strong></span> <span class='ocrx_word' id='word_1_335' title='bbox 770 3757 852 3830; x_wconf 87' lang='lat' dir='ltr'><strong>hujus</strong></span> <span class='ocrx_word' id='word_1_336' title='bbox 867 3755 948 3826; x_wconf 89' lang='lat' dir='ltr'><strong>libri,</strong></span> <span class='ocrx_word' id='word_1_337' title='bbox 964 3757 1093 3830; x_wconf 89' lang='lat' dir='ltr'><strong>Pompeii</strong></span> <span class='ocrx_word' id='word_1_338' title='bbox 1107 3767 1133 3812; x_wconf 90' lang='lat' dir='ltr'><strong>et</strong></span> <span class='ocrx_word' id='word_1_339' title='bbox 1148 3758 1207 3812; x_wconf 87' lang='lat' dir='ltr'><strong>Cae-</strong></span> 
     </span>
     <span class='ocr_line' id='line_1_37' title="bbox 168 3849 1207 3922; baseline -0.003 -17"><span class='ocrx_word' id='word_1_340' title='bbox 168 3850 250 3919; x_wconf 85' lang='lat' dir='ltr'><strong>saris,</strong></span> <span class='ocrx_word' id='word_1_341' title='bbox 261 3849 389 3905; x_wconf 84' lang='lat' dir='ltr'><strong>Antonii</strong></span> <span class='ocrx_word' id='word_1_342' title='bbox 408 3859 435 3906; x_wconf 88' lang='lat' dir='ltr'><strong>et</strong></span> <span class='ocrx_word' id='word_1_343' title='bbox 447 3849 558 3905; x_wconf 88' lang='lat' dir='ltr'><strong>Octavii</strong></span> <span class='ocrx_word' id='word_1_344' title='bbox 579 3859 671 3918; x_wconf 89' lang='lat' dir='ltr'><strong>aetate,</strong></span> <span class='ocrx_word' id='word_1_345' title='bbox 686 3859 713 3904; x_wconf 94' lang='lat' dir='ltr'><strong>et</strong></span> <span class='ocrx_word' id='word_1_346' title='bbox 728 3869 787 3905; x_wconf 91' lang='lat' dir='ltr'><strong>esse</strong></span> <span class='ocrx_word' id='word_1_347' title='bbox 804 3849 947 3918; x_wconf 85' lang='lat' dir='ltr'><strong>eumdem,</strong></span> <span class='ocrx_word' id='word_1_348' title='bbox 963 3849 1011 3922; x_wconf 90' lang='lat' dir='ltr'><strong>qui</strong></span> <span class='ocrx_word' id='word_1_349' title='bbox 1024 3849 1111 3904; x_wconf 87' lang='lat' dir='ltr'><strong>vitam</strong></span> <span class='ocrx_word' id='word_1_350' title='bbox 1124 3850 1207 3904; x_wconf 90' lang='lat' dir='ltr'><strong>Pom-</strong></span> 
     </span>
     <span class='ocr_line' id='line_1_38' title="bbox 169 3939 1207 4016; baseline -0.003 -19"><span class='ocrx_word' id='word_1_351' title='bbox 169 3942 248 4016; x_wconf 89' lang='lat' dir='ltr'><strong>ponii</strong></span> <span class='ocrx_word' id='word_1_352' title='bbox 260 3942 343 3996; x_wconf 85' lang='lat' dir='ltr'><strong>Attici</strong></span> <span class='ocrx_word' id='word_1_353' title='bbox 354 3941 528 4013; x_wconf 88' lang='lat' dir='ltr'><strong>conscripsit.</strong></span> <span class='ocrx_word' id='word_1_354' title='bbox 541 3942 691 3996; x_wconf 88' lang='lat' dir='ltr'><strong>Declarant</strong></span> <span class='ocrx_word' id='word_1_355' title='bbox 702 3941 778 3996; x_wconf 90' lang='lat' dir='ltr'><strong>idem</strong></span> <span class='ocrx_word' id='word_1_356' title='bbox 790 3959 969 4014; x_wconf 86' lang='lat' dir='ltr'><strong>quaecumque</strong></span> <span class='ocrx_word' id='word_1_357' title='bbox 981 3939 1100 3995; x_wconf 90' lang='lat' dir='ltr'><strong>subinde</strong></span> <span class='ocrx_word' id='word_1_358' title='bbox 1110 3940 1139 3995; x_wconf 93' lang='lat' dir='ltr'><strong>in</strong></span> <span class='ocrx_word' id='word_1_359' title='bbox 1151 3941 1207 3994; x_wconf 92' lang='lat' dir='ltr'><strong>hoc</strong></span> 
     </span>
     <span class='ocr_line' id='line_1_39' title="bbox 169 4032 1206 4108; baseline -0.001 -20"><span class='ocrx_word' id='word_1_360' title='bbox 169 4034 256 4104; x_wconf 88' lang='lat' dir='ltr'><strong>libro,</strong></span> <span class='ocrx_word' id='word_1_361' title='bbox 274 4045 305 4090; x_wconf 90' lang='lat' dir='ltr'><strong>ut</strong></span> <span class='ocrx_word' id='word_1_362' title='bbox 322 4034 352 4088; x_wconf 93' lang='lat' dir='ltr'><strong>in</strong></span> <span class='ocrx_word' id='word_1_363' title='bbox 370 4032 534 4108; x_wconf 67' lang='lat' dir='ltr'><strong>praelatione</strong></span> <span class='ocrx_word' id='word_1_364' title='bbox 551 4044 578 4088; x_wconf 90' lang='lat' dir='ltr'><strong>et</strong></span> <span class='ocrx_word' id='word_1_365' title='bbox 594 4033 625 4088; x_wconf 93' lang='lat' dir='ltr'><strong>in</strong></span> <span class='ocrx_word' id='word_1_366' title='bbox 637 4033 850 4107; x_wconf 83' lang='lat' dir='ltr'><strong>Epaminonda,</strong></span> <span class='ocrx_word' id='word_1_367' title='bbox 867 4035 902 4089; x_wconf 90' lang='lat' dir='ltr'><strong>de</strong></span> <span class='ocrx_word' id='word_1_368' title='bbox 923 4033 1049 4088; x_wconf 90' lang='lat' dir='ltr'><strong>moribus</strong></span> <span class='ocrx_word' id='word_1_369' title='bbox 1060 4034 1206 4088; x_wconf 72' lang='lat' dir='ltr'><strong>Romano-</strong></span> 
     </span>
     <span class='ocr_line' id='line_1_40' title="bbox 169 4124 1206 4206; baseline 0.001 -25"><span class='ocrx_word' id='word_1_370' title='bbox 169 4145 230 4181; x_wconf 91' lang='lat' dir='ltr'><strong>rum</strong></span> <span class='ocrx_word' id='word_1_371' title='bbox 243 4138 403 4197; x_wconf 86' lang='lat' dir='ltr'><strong>monentur,</strong></span> <span class='ocrx_word' id='word_1_372' title='bbox 419 4145 480 4199; x_wconf 83' lang='lat' dir='ltr'><strong>quae</strong></span> <span class='ocrx_word' id='word_1_373' title='bbox 495 4125 588 4182; x_wconf 91' lang='lat' dir='ltr'><strong>omnia</strong></span> <span class='ocrx_word' id='word_1_374' title='bbox 603 4126 633 4181; x_wconf 91' lang='lat' dir='ltr'><strong>in</strong></span> <span class='ocrx_word' id='word_1_375' title='bbox 646 4125 760 4182; x_wconf 87' lang='lat' dir='ltr'><strong>Caesaris</strong></span> <span class='ocrx_word' id='word_1_376' title='bbox 772 4137 800 4181; x_wconf 91' lang='lat' dir='ltr'><strong>et</strong></span> <span class='ocrx_word' id='word_1_377' title='bbox 813 4126 933 4201; x_wconf 81' lang='lat' dir='ltr'><strong>Augusti</strong></span> <span class='ocrx_word' id='word_1_378' title='bbox 942 4136 1049 4182; x_wconf 87' lang='lat' dir='ltr'><strong>aetatem</strong></span> <span class='ocrx_word' id='word_1_379' title='bbox 1059 4124 1206 4206; x_wconf 81' lang='lat' dir='ltr'><strong>quadrant.</strong></span> 
     </span>
    </p>
   </div>
   <div class='ocr_carea' id='block_1_9' title="bbox 0 0 1577 5032">
    <p class='ocr_par' dir='ltr' id='par_1_11' title="bbox 0 0 1577 5032">
     <span class='ocr_line' id='line_1_41' title="bbox 0 0 1577 5032; baseline 0 0"><span class='ocrx_word' id='word_1_380' title='bbox 0 0 1577 5032; x_wconf 95' lang='lat' dir='ltr'><strong> </strong></span> 
     </span>
    </p>
   </div>
  </div>
 </body>
</html>
