3168 5048
579 479 774 535 murtrum
1128 473 1188 564 ,¹²3

163 623 236 699 qnae
247 605 282 672 iu
293 606 406 672 aerario
419 589 641 699 reponeretur.
656 603 798 690 Deinde,
811 627 897 670 anuo
911 617 986 697 post
1001 617 1191 696 praeturam,

161 727 277 793 Marco
300 721 453 811 Claudio,
473 724 576 792 Lucio
598 723 698 791 Furio
727 746 825 809 coss.,
847 722 974 789 romani
994 719 1090 813 legati
1111 724 1192 790 Car·

164 842 331 935 thaginem
352 854 523 910 venerunt.
547 845 616 908 Hos
641 837 805 908 Hannibal
833 839 884 907 sui
906 838 1102 942 exposcendi
1120 863 1193 932 gra·

165 960 213 1027 tia
230 960 343 1026 missos
360 973 466 1045 ratus,
485 961 677 1052 priusquam
695 958 745 1025 his
766 971 896 1026 senatus
913 956 1061 1044 daretur,
1077 979 1193 1024 navem
1308 1047 1312 1055 Ι

166 1075 353 1145 conscendit
371 1073 472 1163 clam,
491 1091 589 1168 atque
608 1077 642 1143 in
662 1076 788 1169 Syriam
803 1075 845 1143 ad
860 1075 1060 1145 Antiochum
1076 1073 1193 1168 profu-

165 1196 222 1288 git.
250 1198 320 1262 Hac
341 1219 378 1262 re
401 1192 507 1288 palam
530 1195 632 1282 facta,
659 1195 751 1262 Poeni
776 1218 874 1262 naves
898 1191 994 1280 duas,
1023 1217 1095 1286 quae
1117 1218 1192 1261 eum

166 1312 491 1406 comprehenderent,
515 1314 543 1381 si
561 1327 694 1406 possent
712 1312 883 1404 consequi,
904 1313 1087 1380 miseruut:
1106 1311 1195 1380 bona

164 1432 236 1524 ejus
258 1430 469 1524 publicarunt
493 1457 502 1500 ε
528 1432 661 1500 domum
680 1456 702 1499 a
723 1430 942 1510 hrudamentis
965 1431 1191 1522 disjecerunt:

165 1551 274 1645 ipsum
289 1548 432 1618 exsulem
448 1550 649 1643 judicarunt.
1010 1643 1012 1648 Ι

212 1671 302 1738 VIII.
328 1672 372 1738 At
387 1667 567 1756 Hannibal,
585 1695 672 1738 anno
689 1671 786 1738 tertio
804 1683 978 1765 postquam
998 1667 1096 1735 domo
1115 1692 1193 1761 pro-

164 1785 307 1879 fugerat,
326 1790 365 1855 L.
384 1787 553 1876 Cornelio,
568 1789 696 1876 Quinto
714 1789 863 1857 Minucio
889 1811 988 1874 coss.,
1005 1811 1080 1854 cum
1098 1787 1194 1878 qnin-

165 1929 229 1997 que
253 1907 391 1973 navibus
415 1906 558 1975 Africam
579 1907 727 1993 accessit,
746 1909 780 1973 in
805 1905 926 1974 finibus
945 1909 1192 1998 cyrenaeorum,

165 2023 192 2090 si
208 2021 293 2091 forte
306 2025 589 2118 Carthaginienses
607 2023 649 2091 ad
663 2022 799 2112 bellum,
817 2024 970 2095 Antiochi
987 2049 1044 2118 spe
1060 2022 1194 2093 fiducia-

166 2165 244 2232 que,
261 2142 414 2212 inducere
427 2157 536 2236 posset
551 2168 559 2210 τ
577 2144 630 2211 cui
640 2143 709 2234 jam
723 2157 942 2236 persuaserat,
958 2157 997 2210 nt
1012 2166 1087 2210 cum
1102 2167 1192 2211 exer-

165 2260 283 2327 citibus
297 2262 332 2327 in
347 2260 475 2329 Italiam
493 2259 761 2355 proficisceretur.
780 2265 854 2330 Huc
867 2264 1043 2354 Magonem
1060 2260 1192 2330 fratrem

164 2377 291 2444 excivit.
311 2378 350 2445 Id
368 2379 425 2447 ubi
443 2381 536 2449 Poeni
555 2381 770 2468 resciverunt,
789 2384 964 2475 Magonem
981 2378 1111 2468 eadem,
1128 2405 1194 2474 qua
1280 2404 1286 2416 ·

164 2493 313 2584 fratrem,
325 2497 490 2566 absentem
501 2524 599 2594 poena
610 2497 797 2568 affecerunt.
811 2496 879 2585 Illi,
893 2499 1068 2593 desperatis
1080 2499 1193 2588 rebus,

164 2637 268 2706 quum
284 2614 454 2700 solvissent
465 2643 586 2707 naves,
603 2643 641 2688 ac
657 2615 729 2687 vela
745 2620 850 2686 ventis
868 2618 1048 2707 dedissent3
1067 2620 1193 2687 Hanni·
1305 2623 1308 2632 ’

162 2730 218 2800 bal
236 2733 278 2802 ad
291 2735 490 2804 Antiochum
507 2738 666 2831 pervenit.
682 2742 734 2806 De
751 2739 903 2831 Magonis
920 2739 1055 2806 interitu
1072 2736 1192 2832 duplex

163 2855 319 2922 memoria
334 2856 465 2949 prodita
478 2871 536 2925 est.
554 2858 703 2950 Namque
719 2855 773 2924 alii
789 2856 974 2951 naufragio,
990 2855 1044 2924 alii
1059 2881 1080 2925 a
1094 2857 1193 2926 servis

164 2971 265 3063 ipsius
278 2973 484 3042 interfectum
499 3001 593 3064 eum,
610 2976 767 3071 scriptum
782 2974 995 3068 reliquerunt.
1011 2975 1193 3044 Antiochus
1294 3033 1296 3040 ,

164 3103 286 3178 autem,
308 3091 422 3160 sitam
442 3094 476 3160 in
495 3093 622 3187 agendo
640 3092 726 3162 bello
745 3119 860 3188 parere
875 3092 1031 3161 voluisset
1051 3093 1193 3162 consiliis

163 3209 251 3300 ejus,
273 3235 372 3303 quam
396 3211 430 3278 in
454 3212 659 3305 suscipiendo
682 3213 881 3300 instituerat,
904 3213 1040 3306 propius
1066 3213 1193 3300 Tiberi,

163 3351 263 3418 quam
278 3327 521 3423 Thermopylis,
538 3330 578 3398 de
592 3355 718 3399 summa
735 3332 862 3424 imperii
878 3331 1068 3399 dimicasset.
1085 3333 1193 3419 Quem

162 3447 223 3514 etsi
237 3445 343 3514 multa
358 3445 457 3516 stulte
474 3451 585 3517 conari
603 3449 748 3537 videbat,
767 3464 876 3517 tamen
892 3447 984 3518 nulla
1002 3446 1144 3518 deseruit
1159 3451 1193 3517 in

162 3589 208 3634 re.
229 3565 364 3652 Praefirit
379 3569 491 3662 paucis
512 3568 665 3658 navibus,
682 3593 763 3662 quas
778 3594 817 3637 ex
835 3569 929 3664 Syria
942 3558 1054 3661 jussus
1072 3571 1193 3639 eratin

161 3684 276 3777 Asiam
298 3683 431 3775 ducere,
455 3688 572 3780 hisque
595 3688 750 3757 adversus
773 3688 979 3758 Rhodiorum
1002 3686 1135 3758 classem
1159 3691 1191 3758 in

163 3803 356 3899 Pamphylio
370 3807 451 3873 mari
470 3806 626 3875 conflixit.
642 3809 720 3896 Quo
736 3832 839 3900 quum
855 3805 1193 3877 multitudine'adver-

113 3905 137 3978 '-
164 3928 324 3995 sariorum
342 3926 394 3993 sui
413 3941 665 4020 superarentur;
682 3927 769 4021 ipse,
788 3952 855 4020 quo
876 3951 979 3996 cornu
996 3951 1065 3995 rem
1082 3927 1194 4020 gessit,

162 4045 225 4115 fnit
240 4049 398 4142 superior.
