3198 5174
263 559 1277 610 mmmmmwnmmmemmviwmmmmmm

257 1831 393 1970 Dior,
409 1883 586 1979 Hipparini
598 1881 700 1972 filius,
714 1885 950 1978 Syracusanus,
969 1881 1073 1954 nobili
1085 1907 1203 1978 genere
1221 1906 1280 1950 na·

256 2016 324 2087 tus,
349 2016 488 2096 utraque
505 1983 693 2095 implicatus
711 1999 884 2095 tyrannide
907 2000 1153 2094 Dionysiorum.
1178 2002 1282 2071 Nam·

255 2145 320 2212 que
335 2119 557 2218 illesuperior
571 2121 837 2207 Aristomachen,
853 2144 999 2190 sororem
1014 2120 1148 2204 Dionis,
1164 2120 1277 2189 habuit

199 2234 201 2239 ’
256 2238 291 2305 in
308 2239 522 2309 matrimonio
538 2264 547 2306 ε
563 2264 603 2306 ex
622 2264 688 2332 qua
706 2238 788 2307 duos
804 2237 906 2326 filios,
921 2239 1143 2332 Hipparinum
1164 2251 1197 2307 et
1211 2240 1280 2332 Ny·
1360 2263 1366 2274 ·

256 2379 373 2443 saeum,
400 2358 604 2449 procreavit,
628 2356 831 2450 totidemque
855 2357 954 2445 filias,
983 2357 1116 2426 nomine
1135 2357 1281 2450 Sophro-

203 2571 205 2576 .
257 2488 406 2567 synon—et
415 2477 549 2543 Areten.
561 2478 713 2564 Quarum
729 2475 873 2568 priorem
885 2476 1045 2568 Dionysio
1058 2474 1143 2562 filio,
1161 2475 1281 2562 eidem,

256 2593 310 2660 cui
336 2616 475 2686 regnum
498 2590 647 2684 reliquit,
670 2606 813 2687 nuptum
836 2592 947 2679 dedit;
966 2591 1124 2677 alteram,
1143 2595 1280 2679 Areten,

147 2747 148 2752 ¹
255 2713 367 2782 Dioni.
385 2713 476 2779 Dion
491 2724 617 2797 autem,
632 2721 750 2804 praeter
763 2711 910 2781 nobilem
919 2712 1213 2807 propinquitatem,
1227 2735 1282 2806 go-

255 2855 472 2923 nerosamque
492 2831 657 2924 majorum
675 2829 810 2918 famam,
828 2830 933 2900 multa
950 2829 1013 2900 alia
1028 2831 1069 2899 ab
1088 2845 1207 2900 natura
1223 2831 1283 2898 ha·

255 2947 329 3020 buit
344 2949 432 3017 bona
451 2949 508 3017 :in
523 2949 574 3018 his
592 2950 762 3044 ingenium
782 2949 903 3040 docile,
919 2974 1028 3038 corne,
1045 2963 1159 3042 aptum
1171 2948 1214 3017 ad
1230 2973 1282 3018 ar·

161 3141 163 3144 .
256 3083 304 3137 tes
320 3069 481 3161 optimas3
498 3090 652 3160 magnam
670 3067 818 3158 corporis
831 3065 1040 3161 dignitatem,
1055 3091 1128 3159 quae
1139 3091 1207 3136 non
1220 3067 1283 3152 mi·
1309 3141 1313 3150 ,

212 3181 213 3184 '
256 3188 382 3257 nimum
401 3184 671 3270 commendatum
685 3205 821 3278 magnas
833 3197 990 3276 praeterea
1009 3183 1139 3253 divitias
1155 3210 1174 3253 a
1189 3199 1283 3279 patre

255 3304 398 3392 relictas,
410 3327 491 3396 quas
508 3305 579 3397 ipsc
598 3303 730 3396 tyranni
746 3302 938 3370 muneribus
953 3318 1098 3372 auxerat.
1108 3307 1190 3374 Erat
1205 3303 1283 3372 inti·

256 3448 329 3492 mus
347 3423 499 3492 Dionisio
517 3422 637 3516 priori,
653 3445 762 3514 neque
778 3419 887 3488 minus
898 3434 1033 3515 propter
1049 3445 1171 3510 mores,
1183 3445 1283 3515 quam

257 3543 460 3612 affinitatem.
481 3542 649 3635 Namque,
666 3541 727 3610 etsi
744 3540 895 3634 Dionysii
911 3537 1086 3608 crudelitas
1096 3539 1158 3632 ipsi
1171 3536 1284 3634 displi-

256 3662 365 3749 cebat,
375 3673 487 3729 tamen
499 3657 626 3730 salvum
638 3684 706 3728 esse
721 3673 858 3754 propter
871 3657 1163 3746 necessitudinem,
1180 3659 1283 3754 magis

256 3783 355 3850 etiam
372 3803 508 3848 suorum
524 3801 637 3863 causa,
655 3778 814 3847 studebat.
832 3777 954 3848 Aderat
970 3778 1005 3846 in
1022 3775 1150 3872 magnis
1167 3781 1286 3868 rebus;

257 3901 393 3993 ejusque
409 3894 546 3965 consilio
569 3896 710 3965 multum
729 3896 923 3966 movebatur
939 3907 1117 3990 tyrannus,
1136 3901 1198 3966 nisi
1221 3923 1286 3992 qua

258 4019 293 4087 in
315 4042 351 4087 re
376 4015 482 4109 major
504 4015 606 4108 ipsius
632 4006 792 4108 cupiditas
821 4004 1058 4086 intercesserat,
1088 4018 1284 4113 Legationes

259 4161 350 4223 vero,
367 4159 439 4230 qua
451 4144 560 4202 esseut
569 4130 777 4221 illustriores,
786 4157 847 4227 per
854 4134 998 4205 Dionem
1012 4134 1287 4206 administraban-

1104 4259 1128 4341 l
