3168 5048
403 321 459 376 162
736 313 912 370 CORNELII
933 311 1089 366 NEPOTts

398 439 459 530 μὲν
474 429 524 510 οἶν
543 445 570 509 ot
588 445 653 528 aspi
673 429 842 524 Κορνήλιον
859 427 992 504 Νέπωτα
1007 445 1059 504 καὶ
1076 427 1251 524 Οὐαλέριον
1274 425 1466 530 Μάξιμον

400 551 704 648 1ςορῆκασι.Λί(ἔιος
721 553 755 626 li
773 565 827 625 cal
847 559 974 645 Καῖσαρ
995 555 1009 626 ὃ
1027 551 1157 632 neces-lc
1174 529 1360 646 κομισθῆναι
1384 552 1464 641 τὴν

401 680 505 770 diplas
523 676 593 770 apis
611 675 660 750 τὸν
673 673 736 750 ella
750 667 906 766 εἰρῆκωσι,
921 685 972 745 καὶ
989 673 1122 761 ταφῆναι
1138 686 1301 767 λαμπρῶς.

449 796 643 870 «Hannibal
658 821 753 881 vero,
769 821 872 888 quum
888 793 1033 888 reliquos
1049 796 1177 864 minimi
1192 795 1329 881 faceret,
1343 797 1458 864 Mar-

401 919 521 990 cellum
533 917 687 986 cecidisse
696 915 827 1002 audito,
840 917 910 1007 ipse
919 913 962 984 ad
972 912 1083 982 locum
1092 914 1252 999 accurrit3
1265 913 1457 982 cadaveri-

400 1063 465 1133 que
472 1039 636 1123 assistens,
645 1035 770 1128 diuque
776 1035 925 1128 corporis
934 1034 1036 1102 robur
1045 1048 1079 1102 et
1085 1033 1227 1101 formam
1234 1033 1455 1127 contempla-

402 1173 471 1243 tus,
481 1181 589 1250 neque
598 1155 774 1248 superbam
784 1151 886 1222 ullam
897 1154 1143 1238 emisitvocem,
1154 1176 1261 1244 neque
1273 1151 1366 1219 vultu
1383 1150 1452 1220 lae-

402 1280 510 1348 titiam
524 1276 576 1372 (ut
588 1267 846 1344 consentaneum
862 1287 932 1340 erat
946 1295 1037 1352 eum,
1053 1273 1111 1364 qui
1128 1286 1196 1339 tam
1210 1269 1389 1339 molestum
1403 1289 1449 1340 et

404 1417 536 1492 gravem
547 1395 675 1463 hostem
686 1388 914 1485 interfecisset)
926 1415 993 1484 prae
1004 1415 1038 1458 se
1051 1389 1142 1477 tulit;
1155 1389 1211 1458 sed
1224 1390 1445 1482 inopinatum

403 1517 466 1584 viri
488 1515 612 1584 exitum
628 1514 782 1596 miratus,
801 1510 960 1580 annulum
978 1511 1008 1578 ei
1024 1507 1175 1594 abstulit,
1192 1533 1313 1602 corpus
1330 1507 1444 1602 digno

406 1634 701 1718 habituornatum,
711 1631 922 1722 vestibusque
930 1629 1123 1697 decentibus
1133 1628 1303 1717 amictum,
1313 1653 1443 1696 crema-

405 1753 467 1838 vit;
477 1748 619 1843 reliquas
628 1752 663 1817 in
671 1774 789 1818 urnam
796 1762 985 1842 argenteam
993 1745 1105 1834 lectas,
1114 1771 1213 1816 aurea
1221 1747 1438 1840 superaddita

405 1893 544 1956 corona,
562 1868 604 1937 ad
620 1867 725 1936 filiuni
745 1868 845 1936 misit.
863 1865 927 1951 Sed
941 1866 1075 1959 quidam
1091 1865 1257 1951 Numidae,
1277 1891 1380 1959 quum
1401 1869 1440 1935 in

406 1989 546 2060 ferentes
561 2013 599 2058 ea
616 1987 822 2074 incidissent,
840 1985 984 2057 adimere
1000 1987 1032 2054 vi
1046 1988 1156 2054 conati
1177 1999 1279 2055 sunt:
1299 1984 1363 2054 illis
1380 2011 1440 2054 re-

405 2107 624 2195 luctantibus,
640 2131 678 2174 ac
696 2107 763 2174 vim
779 2106 812 2173 vi
828 2102 1079 2199 repellentibus,
1099 2104 1328 2198 ossa'disjecta
1344 2122 1435 2175 sunt.

456 2224 673 2313 «Hannibal,
692 2227 757 2294 boc
775 2224 906 2311 audito,
925 2223 968 2292 ad
985 2248 1059 2309 eos,
1078 2225 1136 2318 qui
1155 2223 1306 2314 aderant,
1326 2226 1436 2312 Nihil,

390 2348 528 2441 inquit,
546 2345 660 2438 utique
694 2343 758 2412 diis
785 2343 897 2412 invitis
924 2342 996 2411 fieri
1021 2356 1142 2436 potest3
1170 2343 1369 2437 sumptoque
1393 2345 1436 2414 de

405 2464 558 2536 Numidis
586 2459 768 2556 supplicio,
795 2459 919 2544 nullam
939 2474 1099 2556 praeterea
1124 2461 1165 2530 de
1187 2461 1333 2531 Marcelli
1359 2462 1435 2532 reli·

405 2584 491 2677 quiis
508 2569 699 2676 colligendis
717 2605 829 2649 euram
846 2581 976 2663 habuit3
998 2559 1109 2674 utqui
1138 2579 1190 2648 dei
1212 2579 1349 2675 alicujus
1372 2609 1436 2653 nu·

295 2687 297 2694 Α
406 2704 495 2772 mine
510 2699 668 2771 Marcello
685 2700 776 2768 hunc
793 2701 915 2766 exitum
932 2699 1019 2782 vitae,
1038 2715 1071 2767 et
1090 2697 1265 2793 sepulturae
1278 2702 1434 2795 privatio·

362 2860 366 2868 ,
407 2845 483 2888 nem
505 2822 551 2888 ita
575 2834 694 2913 praeter
720 2819 869 2888 omnium
895 2819 1084 2912 opinionem
1106 2820 1252 2888 evenisse
1275 2819 1432 2891 crederet.

406 2942 483 3008 Haec
497 2936 670 3008 Cornelius
683 2939 795 3031 Nepos
812 2951 844 3006 et
861 2936 1015 3008 Valerius
1031 2939 1198 3006 Maximus
1215 2953 1360 3010 narrant.
1379 2942 1434 3010 Li·

405 3058 478 3126 vius
492 3070 525 3126 et
539 3060 707 3152 Augustus
726 3060 845 3143 Cesar,
861 3055 1020 3150 perlatam
1035 3056 1077 3124 ad
1092 3055 1198 3126 filium
1213 3057 1360 3128 Marcelli
1379 3084 1431 3128 ut*

405 3203 500 3265 nam,
519 3192 553 3246 et
574 3176 753 3246 honorifice
772 3175 913 3269 sepultas
937 3179 1007 3268 ejus
1030 3175 1199 3269 reliquias,
1217 3179 1400 3270 perbibent.
1412 3210 1430 3244 1>

406 3298 578 3367 Plutarch.
598 3299 632 3366 in
652 3295 802 3365 Marcell.
821 3320 891 3389 cap.
915 3292 970 3365 30.

449 3414 598 3486 'Aenilinu
609 3412 642 3484 Σὲ
654 3407 836 3505 Μάρκελλος
838 3411 977 3543 ,deuia
992 3423 1018 3485 ol
1032 3425 1096 3506 περῖ
1111 3410 1267 3488 Πολῦἒιον
1278 3411 1426 3508 λέγουσιν,

404 3527 474 3605 adt}
494 3531 583 3633 ἅπαξ
611 3533 753 3622 ἐνίκησεν·
786 3533 852 3607 ἀλλ’
876 3527 1023 3623 ἀήττητος
1049 3533 1125 3626 ἀνὴρ
1142 3540 1224 3606 δοκεῖ
1239 3531 1424 3622 timedatur
1481 3559 1483 3566 “

400 3647 499 3748 μέχρι
512 3656 808 3744 Σκιπίωνος.“Ημεΐς
820 3653 854 3724 Σὲ
869 3655 993 3744 dicito,
1004 3660 1143 3746 Καίσαρι
1161 3668 1211 3728 καὶ
1228 3661 1256 3726 Ν
1260 3651 1366 3747 lxma,
1379 3672 1426 3732 tal

404 3787 461 3845 τῶν
472 3777 664 3863 Ἑλληνικῶν
678 3772 716 3859 τῷ
733 3770 955 3872 βασιλεΐἹίίᾳ
974 3770 1151 3866 accedente,
1172 3770 1265 3868 ἥττας
1282 3778 1367 3860 τινὰς
1379 3792 1427 3853 cat

404 3894 515 3986 sponde
536 3893 593 3967 rial
614 3885 799 3985 Μαρκέλλου
818 3906 874 3964 τῶν
890 3894 946 3965 σὺν
959 3895 1091 3980 Ἀννίζᾳ
1111 3893 1257 3982 γενέσθαι.
