3114 5032
321 513 376 572 aod
580 507 740 564 Jtttrttls
762 509 874 564 HENR.
896 509 1087 567 SCHL'EGEL

320 631 450 688 Eminent
466 633 539 689 enim
559 634 588 688 in
602 653 653 704 eo,
674 654 734 708 quaa
750 653 815 690 raro
830 636 862 690 in
879 655 935 692 uno
956 636 1091 709 scriptore
1107 630 1255 704 conjuncta
1267 629 1360 686 inve-

320 724 393 793 nias,
411 725 530 782 eruditio
553 728 609 782 late
632 737 747 800 patens,
766 747 902 783 summum
920 727 1027 802 ingenii
1050 743 1182 792 acumen,
1205 741 1311 797 magna
1324 724 1362 778 in

321 819 542 889 argumentando
560 818 617 888 vis,
634 819 775 892 mirusque
791 819 922 888 dictionis
937 819 1021 874 nitor.
1043 815 1247 873 Celeberrimus
1265 817 1310 872 W
1308 817 1360 870 in-

320 905 484 963 lelmannus
500 908 532 964 in
548 927 634 983 opere
651 929 703 966 suo
719 910 755 964 de
773 921 831 966 arte
848 909 1009 985 pulchriore
1026 917 1227 966 commentatus
1243 917 1305 961 erat
1321 907 1363 962 de

321 998 481 1072 Borghesio,
497 1019 580 1073 quem
592 1003 678 1076 vulgo
691 1001 856 1075 perhibens,
865 1003 1034 1078 gladiatore.
1053 1001 1148 1056 Statua
1162 998 1210 1053 illa
1222 999 1363 1072 praeclara

321 1089 414 1144 multis
433 1090 463 1144 in
480 1091 559 1148 libris
581 1093 628 1146 aeri
647 1093 783 1166 insnrlpta
804 1093 930 1150 habetur.
950 1091 1127 1165 Conspicitur
1144 1089 1227 1145 etiam
1243 1090 1365 1163 egregia

322 1179 379 1252 ejus
392 1179 499 1255 effigies
512 1201 615 1258 gypsea
626 1195 721 1241 nostra
737 1185 768 1239 in
782 1186 866 1254 urbe,
881 1184 911 1240 in
924 1203 988 1240 arce
1001 1181 1291 1254 Charlottoburgensi.
1302 1184 1363 1237 Ne-

321 1272 397 1347 gavit
414 1273 661 1346 Winkelmannus,
678 1295 737 1332 esse
755 1275 952 1350 gladiatorem,
969 1286 1032 1345 aut,
1049 1285 1080 1330 ut
1101 1274 1149 1330 alii
1162 1274 1277 1343 volunt,
1294 1274 1362 1328 dis-

322 1365 462 1433 cobolcm;
475 1367 594 1423 credidit
608 1386 667 1423 esse
679 1368 812 1437 militem,
824 1367 872 1441 qui
880 1367 983 1423 virtute
993 1385 1057 1436 sua,
1066 1376 1207 1438 statuque,
1220 1384 1278 1438 quo
1287 1365 1362 1420 hos-

322 1454 357 1511 tis
372 1456 507 1531 impetum
524 1460 645 1532 excepit,
661 1470 779 1516 statuam
795 1459 936 1516 meruerit.
953 1459 1112 1533 Lessnrgius
1130 1467 1249 1512 statuam
1264 1455 1362 1526 illam,

323 1565 490 1621 comparans
508 1568 571 1604 cum
584 1551 700 1624 Nepotis
715 1537 918 1626 descriptione,
936 1555 1120 1626 quam'supra
1140 1547 1234 1616 attuli,
1250 1547 1363 1620 judicat

322 1651 520 1711 repraesentare
534 1639 704 1698 Chabriam.¹
713 1645 808 1699 Unum
820 1644 932 1700 obstare
948 1643 1066 1699 videtur.
1080 1645 1196 1698 Sursum
1212 1651 1289 1696 tenet
1305 1641 1362 1695 mi-

322 1731 363 1785 les
382 1730 430 1788 ille
449 1745 569 1803 scutum3
590 1754 674 1809 quum
696 1736 814 1810 Nepotis
831 1735 981 1809 descriptio
1003 1735 1106 1790 habeat
1126 1733 1264 1790 :Obnixo
1284 1751 1363 1806 genu

324 1833 416 1891 scuto,
434 1825 611 1904 projectaque
624 1828 710 1884 hasta.
724 1828 780 1884 Sed
796 1818 841 1883 v'ir
858 1827 1031 1884 doctissimus
1047 1827 1086 1883 ita
1101 1824 1363 1899 interpungendum

324 1915 433 1990 credit:
451 1918 567 1974 Obnixo
585 1935 673 1993 genu,
691 1931 784 1989 scuto,
800 1921 981 1995 projectaque
999 1921 1086 1974 hasta.
1109 1919 1210 1992 Attigit
1230 1917 1362 1973 eamdem

324 2007 430 2062 remia
448 2010 504 2065 alio
524 2011 614 2080 libro,
633 2013 681 2086 qui
701 2013 886 2069 inscribitur:
905 2011 1121 2090 Antiquan'sclte
1139 2009 1243 2082 Bn‘ese
1264 2013 1364 2066 Potest

325 2099 436 2173 utique,
454 2102 477 2156 si
499 2102 761 2182 vis,¹interpunctio
777 2104 958 2178 Lessingiana
978 2105 1082 2159 habere
1100 2106 1201 2158 locum.
1218 2102 1276 2158 Sed
1290 2101 1315 2156 si
1330 2101 1363 2158 id

324 2210 383 2247 non
402 2193 498 2264 detur,
517 2195 592 2252 haud
613 2197 704 2251 minus
723 2208 867 2270 acceptum
889 2206 916 2251 et
935 2195 1115 2269 probandum
1140 2195 1192 2250 erit
1221 2191 1365 2267 Lessingii

279 2317 281 2320 -
325 2285 360 2340 de
380 2287 488 2343 celebri
509 2288 561 2343 hac
581 2299 669 2344 statua
681 2288 825 2360 judicium.
839 2288 869 2344 Si
884 2307 944 2342 non
958 2287 1075 2342 omnino
1088 2287 1243 2360 respondet
1261 2285 1364 2356 statui,

325 2397 382 2451 quo
395 2379 530 2435 Chabrias
542 2379 677 2453 impetum
689 2381 812 2436 bostium
829 2379 958 2453 excipere
972 2379 1082 2444 docuit,
1102 2378 1187 2434 alium
1204 2387 1365 2450 repraesen-

324 2479 384 2526 tare
398 2471 510 2527 videtur
525 2472 661 2528 illustrem
680 2491 800 2546 graecum
814 2473 944 2540 militem,
957 2472 1002 2528 vel
1016 2471 1100 2527 etiam
1115 2470 1252 2527 victorem
1260 2471 1366 2544 Olym-

324 2560 389 2634 piae,
407 2562 452 2617 cui
466 2564 503 2619 ad
523 2566 684 2637 exemplum
697 2564 823 2619 Chabriae
842 2565 871 2618 in
886 2583 919 2638 ep
931 2575 1007 2619 statu
1018 2564 1119 2638 posita
1136 2573 1181 2619 est
1196 2575 1307 2631 statua,
1331 2566 1365 2618 in

325 2673 379 2727 quo
392 2656 540 2710 victoriam
555 2667 598 2712 est
612 2658 739 2731 adeptus.

365 2747 443 2802 VIlI.
463 2748 599 2822 Lysandr.
615 2766 675 2818 111,
692 2767 715 2804 1.
730 2749 941 2804 Lacedaemonii
956 2747 1051 2802 omnia
1067 2747 1109 2801 ad
1127 2749 1245 2801 oracula
1262 2743 1369 2818 referre

325 2837 523 2896 consueverunt.
543 2845 631 2913 Aptus
648 2841 679 2895 in
691 2841 767 2896 hunc
783 2842 876 2896 locum
892 2839 1108 2895 commentarius
1124 2827 1166 2895 est
1177 2849 1253 2894 totus
1268 2837 1368 2894 Hero-

325 2931 424 3000 dotus,
445 2933 590 2987 sententiis
610 2932 714 3005 quippe
735 2933 912 2988 oraculorum
933 2933 1064 3005 repletus.
1083 2933 1238 3000 Monstrat,
1251 2933 1367 2986 Graecos

325 3013 423 3079 ornnes
438 3024 558 3078 oraculis
577 3023 729 3097 plurimum
744 3024 888 3094 tribuisse;
903 3025 1011 3079 nullum
1026 3043 1095 3079 vero
1108 3023 1183 3079 inter
1201 3041 1249 3078 eos
1265 3041 1367 3096 popu-

325 3117 384 3170 lum
399 3125 476 3171 tanta
491 3116 690 3202 superstitione
707 3117 743 3171 ab
759 3117 938 3172 oraculorum
951 3116 1041 3173 effatis
1057 3115 1241 3190 pependisse,
1256 3133 1288 3168 ac
1303 3116 1366 3170 La-

326 3207 520 3264 cedaemonios,
529 3208 712 3264 Instituerant
725 3209 904 3264 oraculorum
913 3207 1002 3282 gratia
1013 3208 1153 3282 singulare
1162 3226 1273 3262 munus.
1286 3207 1365 3261 Ute-

325 3300 430 3355 bantur
444 3299 550 3356 scilicet
564 3300 676 3356 duobus
690 3300 813 3372 Pyenis,
834 3319 906 3373 quos
922 3301 1049 3373 Delphos
1065 3299 1101 3354 ad
1119 3297 1295 3372 exploranda
1313 3317 1368 3352 va-

325 3391 421 3448 ticinia
427 3393 538 3448 mittere
546 3386 689 3462 solebant;
698 3403 768 3448 teste
774 3392 960 3462 Herod0t0,l.
969 3411 1051 3464 v1,p.
1061 3398 1125 3457 too.
1137 3391 1192 3446 Sed
1202 3399 1367 3462 corruptam

326 3503 533 3558 nonnunquam
549 3485 634 3542 fuisse
646 3484 777 3557 Pythiam
784 3524 793 3551 ,
805 3485 892 3540 'docet
904 3484 981 3540 idem
989 3483 1167 3552 Herodotus,
1179 3483 1198 3538 l.
1212 3502 1241 3552 v,
1257 3501 1284 3555 p.
1296 3480 1366 3550 364,

326 3587 356 3632 et
368 3595 414 3646 vr,
429 3596 458 3650 p.
476 3584 531 3644 loa
545 3587 572 3634 et
588 3577 653 3644 408.

368 3670 419 3724 IX.
441 3669 545 3742 Agesil.
562 3687 642 3738 vm,
660 3668 685 3725 5.
706 3671 872 3744 Ignorantia
890 3669 1024 3723 bonam
1043 3685 1142 3721 rerum.
1158 3666 1236 3721 Inter
1251 3667 1365 3720 Graecos

327 3777 421 3832 aeque,
435 3778 467 3816 ae
484 3760 554 3815 alios
571 3760 622 3832 qui
641 3761 812 3835 elegantiam
831 3759 999 3815 affectabant
1018 3759 1158 3830 populos,
1179 3756 1365 3831 sapientiores

328 3872 390 3908 eam
402 3853 580 3927 potissimum
592 3851 623 3906 in
636 3852 680 3907 his
688 3852 774 3906 rebus
782 3861 950 3926 posuerunt,
964 3869 1025 3934 quae
1035 3849 1072 3905 ad
1084 3849 1209 3904 animum
1225 3845 1364 3922 effingen-

328 3944 397 3999 dum
413 3944 570 4019 pertinent,
588 3943 639 3999 sed
655 3943 782 4018 plerique
801 3943 877 3999 haud
894 3943 985 3998 minus
1000 3942 1114 4011 inillis,
1133 3961 1193 4018 quae
1209 3941 1246 3996 ad
1258 3942 1364 4016 volup-

328 4045 415 4091 tatem
438 4036 642 4109 luxuriamque.
664 4035 809 4090 Notabant
838 4035 955 4091 vocibus
981 4030 1153 4106 ἀίελτερὶα,
1182 4029 1367 4101 ἀναισθησία,

329 4125 458 4183 homines
482 4147 498 4182 a
520 4125 683 4201 cognitione
700 4137 748 4184 aut
768 4146 851 4182 sensu
869 4127 1009 4183 bonarum
1026 4145 1120 4183 rerum
1144 4127 1263 4197 alienos,
1278 4125 1366 4200 idque
