3210 5036
339 505 377 562 92
679 490 851 546 connum
871 489 1025 546 narone

342 627 476 702 rentur3
491 627 617 682 tantum
635 613 740 682 abfuit
755 616 796 682 ah
813 589 986 684 insolentia
1003 613 1128 709 gloriar,
1143 629 1181 684 ut
1196 613 1368 682 commise-

342 749 432 802 ratus
458 735 499 802 sit
522 733 688 802 fortunam
707 732 856 820 Graeciae,
878 734 967 826 quod
989 747 1055 801 tam
1075 733 1208 801 multia
1231 757 1265 801 se
1289 733 1368 801 victi

342 853 422 920 vitio
440 850 700 920 adversariorum
725 851 964 921 concidissent:
981 876 1122 944 namque
1142 851 1197 919 illa
1219 849 1370 918 multitu·

343 964 432 1057 dine,
445 972 472 1038 si
481 993 560 1039 sana
573 995 666 1039 mens
679 984 780 1054 esset,
797 971 932 1038 Graeeiae
946 969 1144 1064 supplicium
1158 974 1272 1038 Persas
1288 969 1367 1038 dare

341 1090 495 1182 potuisse.
517 1088 610 1155 Idem
634 1112 736 1181 quum
757 1088 959 1157 adversarios
980 1091 1068 1157 intra
1089 1089 1207 1156 moenia
1229 1113 1367 1181 compu-

342 1206 444 1294 lisset,
461 1221 495 1274 et
510 1219 549 1274 ut
572 1206 771 1276 Corinthum
792 1223 1000 1302 oppugnaret
1017 1206 1113 1275 multi
1138 1208 1366 1293 hortarentur,

341 1327 472 1420 negavit
484 1324 518 1392 id
528 1348 593 1392 suae
602 1327 718 1393 virtuti
728 1327 924 1414 convenire3
941 1352 975 1396 se
988 1327 1159 1395 enimcum
1172 1351 1257 1413 esse,
1269 1325 1367 1414 dixit,

342 1445 398 1536 qui
414 1443 457 1510 ad
476 1441 620 1511 officium
638 1459 811 1536 peccantes
825 1445 932 1514 redire
952 1459 1098 1539 cogeret,
1115 1469 1182 1512 non
1199 1444 1256 1536 qui
1270 1444 1367 1511 urbes

343 1559 561 1629 nobilissimas
583 1565 785 1655 expugnaret
805 1564 949 1632 Graeciae.
969 1565 1081 1633 «Nam
1105 1564 1149 1650 si,
1172 1563 1293 1654 inquit,
1311 1586 1368 1629 eos

342 1682 548 1775 exstinguere
566 1679 767 1750 voluerimus
783 1683 840 1775 qui
855 1682 1028 1750 uobiscum
1044 1681 1199 1749 adversus
1212 1680 1368 1748 barbaros

343 1813 521 1887 steterunt,
537 1801 727 1892 nosmetipsi
742 1825 801 1868 nos
811 1800 1115 1893 expugnaverimus,
1124 1796 1190 1866 illis
1200 1799 1369 1891 quiescen-

344 1916 450 2004 tibus3
464 1942 530 2010 quo
546 1917 647 2008 sacto,
664 1919 733 1987 sine
752 1920 899 2012 negotio,
916 1943 1019 2010 quum
1036 1916 1217 1997 voluerint,
1234 1941 1293 1984 nos
1307 1940 1367 2008 op·

344 2037 496 2129 primeut.
508 2066 525 2101 >2

390 2157 446 2224 VI.
465 2157 604 2238 Interim
618 2157 736 2226 accidit
749 2157 805 2225 illa
822 2157 988 2228 calamitas
1001 2159 1090 2254 apud
1108 2162 1250 2228 Leuctra
1265 2160 1367 2224 Lace·

343 2275 512 2346 daemoniis
526 2301 535 2344 z
550 2301 615 2368 quo
632 2301 673 2343 ne
687 2277 984 2370 proficiscerentur,
998 2303 1101 2371 quum
1115 2303 1134 2346 a
1148 2277 1311 2371 plerisque
1323 2274 1365 2343 ad

258 2443 259 2454 η
344 2395 530 2484 exeundum
543 2411 762 2488 premeretur,
777 2412 815 2465 ut
826 2399 852 2466 si
864 2398 904 2466 de
915 2400 1005 2466 exitu
1017 2398 1191 2484 divinaret,
1206 2397 1294 2464 exire
1305 2418 1367 2490 no·

344 2513 415 2583 luit.
423 2514 536 2602 Jdem,
550 2539 653 2607 quum
664 2516 908 2608 Epaminondas
922 2520 1074 2610 Spartam
1088 2527 1309 2609 oppugnaret,
1320 2537 1367 2582 es·

312 2714 315 2719 .
344 2647 457 2725 setque
471 2634 540 2701 sine
556 2634 659 2700 muris
673 2636 846 2727 oppidum,
864 2633 962 2704 talem
981 2661 1014 2704 se
1034 2636 1265 2728 imperatorem
1285 2657 1383 2728 prae-¹

343 2752 431 2838 buit,
446 2766 483 2819 ut
496 2776 535 2818 eo
546 2765 694 2845 tempore
704 2756 856 2824 omnibus
873 2755 1079 2848 apparuerit,
1093 2755 1158 2820 nisi
1172 2751 1227 2820 ille
1238 2752 1367 2837 suisset,

344 2873 494 2961 Spartam
512 2868 657 2938 futuram
677 2851 745 2938 non
762 2873 868 2942 fuisse.
886 2877 925 2941 In
944 2899 1010 2966 quo
1030 2872 1163 2966 quidem
1179 2871 1367 2941 discrimine

325 2986 493 3055 ‚celeritas
518 2987 587 3078 ejus
605 2988 733 3058 consilii
757 2991 852 3059 saduti
876 2992 937 3060 fuit
963 2992 1133 3061 universis.
1155 2994 1243 3061 Nam
1263 3015 1365 3082 quum

344 3103 478 3196 quidam
508 3085 925 3196 adolescentulishostium
954 3111 1095 3178 adventu
1121 3109 1302 3203 perterriti,
1325 3109 1367 3176 ad

343 3222 518 3294 Thebanos
543 3225 746 3321 transfugere
771 3228 912 3315 vellent,
938 3245 971 3297 et
993 3228 1103 3298 locum
1129 3243 1222 3297 extra
1249 3229 1365 3296 urbem

343 3341 470 3411 editum
487 3346 667 3437 cepissent;
687 3347 874 3439 Agesilaus,
889 3350 947 3441 qui
968 3349 1278 3441 perniciosissimum
1295 3347 1365 3414 fore

344 3460 488 3551 videret,
514 3464 541 3531 si
567 3464 830 3534 animadversum
859 3482 943 3535 esset
968 3492 1165 3560 quemquam
1190 3466 1232 3533 ad
1257 3466 1368 3532 hostes

344 3580 547 3674 transfugere
563 3585 691 3672 conari,
709 3608 785 3652 cum
800 3585 866 3653 suis
880 3611 919 3654 eo
937 3589 1041 3673 venit,
1056 3600 1170 3678 atque,
1183 3601 1222 3653 ut
1237 3586 1264 3653 si
1275 3585 1368 3652 hono

345 3699 456 3768 animo
476 3700 642 3788 fecissent,
668 3701 814 3772 laudavit
838 3704 1010 3773 consilium
1031 3730 1145 3774 eorum
1173 3704 1262 3798 quod
1291 3729 1366 3774 eum

346 3816 457 3887 locum
485 3835 714 3912 occupassent,
728 3837 762 3890 et
780 3847 814 3890 se
834 3823 868 3890 id
887 3848 1018 3917 quoque
1033 3823 1104 3892 fieri
1128 3824 1246 3893 debere
1265 3823 1370 3890 anim-

344 3935 531 4007 advertisse.
559 3940 612 4007 Sic
641 3939 902 4011 adolescentulos
928 3943 1081 4012 simulata
1103 3942 1289 4012 laudatione
1319 3968 1371 4010 re-

346 4056 536 4148 cuperavit,
561 4072 611 4146 et,
640 4057 804 4152 adjunctis
824 4061 865 4129 de
887 4051 1167 4147 suis'comitibus,
1190 4061 1300 4131 locum
1316 4077 1369 4129 tu·
