3168 5048
271 1173 332 1276 T.
366 1173 721 1282 POMPONII
749 1176 1002 1282 ATTICI
1032 1091 1227 1285 VITA.

670 1573 821 1591 -υο-ι

228 1815 281 1943 Τ.
306 1877 515 1945 Postremus
535 1879 703 1964 linteus,
725 1876 767 1944 ab
792 1849 919 1970 origine
941 1873 1057 1944 ultima
1080 1874 1192 1969 stirpis
1213 1899 1267 1942 ro·

208 1999 331 2062 'manae
352 2008 541 2088 generatus,
560 2009 720 2089 perpetuo
739 2019 759 2062 a
774 1995 954 2086 majoribus
972 2009 1138 2089 acceptam
1151 2019 1268 2088 eques·

227 2126 311 2181 trem
334 2113 480 2182 obtinuit
502 2113 705 2208 dignitatem.
729 2117 827 2183 Patre
849 2138 928 2183 usus
953 2129 1002 2182 est
1022 2112 1196 2207 diligente,
1219 2115 1269 2181 in·

227 2230 403 2326 dulgente,
423 2247 472 2320 et,
491 2248 530 2302 ut
548 2249 619 2302 tum
638 2247 732 2302 erant
750 2249 917 2328 tempora,
935 2231 1011 2321 diti,
1030 2233 1064 2300 in
1087 2233 1268 2326 primisque

228 2350 376 2420 studioso
393 2350 588 2422 litterarum.
604 2355 685 2441 Hic,
701 2367 803 2447 prout
816 2354 886 2446 ipse
903 2354 1034 2421 amabat
1045 2347 1183 2440 litteras,
1198 2377 1269 2420 om·

227 2469 325 2539 nibus
351 2470 529 2558 doctrinis,
556 2473 678 2566 quibus
703 2471 838 2566 puerilis
859 2485 940 2572 ,aetas
957 2470 1126 2565 ⁴impertiri
1152 2470 1267 2559 debet,

225 2586 331 2656 filium
345 2590 496 2659 erudivit.
516 2597 597 2663 Erat
611 2606 720 2661 autem
739 2593 774 2660 in
792 2615 914 2686 puero,
932 2606 1051 2687 praeter
1068 2589 1266 2692 docilitatem
1284 2633 1287 2642 ·

225 2708 365 2803 ingenii,
382 2736 511 2780 summa
528 2713 670 2780 suavitas
689 2713 755 2783 oris
773 2737 811 2780 ac
829 2712 934 2796 vocis,
952 2726 1072 2779 utnon
1091 2708 1197 2778 solum
1216 2733 1268 2779 ce·

225 2825 336 2897 leriter
354 2831 516 2926 acciperet
536 2857 610 2925 quae
628 2831 858 2920 tradebantur,
878 2831 934 2900 sed
954 2832 1051 2899 etiam
1073 2828 1268 2900 excellenter

224 2951 467 3041 pronuntiaret.
484 2952 562 3040 Qua
580 2977 620 3020 ex
634 2977 670 3021 re
683 2953 717 3020 in
736 2951 877 3046 pueritia
891 2950 1010 3020 nobilis
1022 2951 1109 3020 inter
1126 2948 1266 3043 aequales

224 3065 401 3156 ferebatur,
414 3068 600 3164 clariusque
613 3069 897 3165 explendescebat,
910 3095 1009 3163 quam
1025 3070 1175 3164 generosi
1188 3094 1267 3137 eon-

225 3186 377 3282 discipuli
395 3189 505 3257 animo
522 3215 617 3283 aequo
629 3191 715 3260 ferre
728 3204 872 3284 possent.
891 3192 1008 3281 Itaque
1027 3189 1184 3257 incitabat
1195 3214 1265 3257 om·

224 3331 282 3375 nes
302 3306 411 3376 studio
433 3333 494 3376 suo
514 3333 521 3375 τ
541 3334 609 3401 quo
632 3309 666 3376 in
687 3333 826 3377 numero
845 3307 981 3378 fuerunt
1000 3310 1038 3376 L.
1060 3311 1264 3399 Torquatus,

225 3427 262 3494 C.
282 3427 411 3494 Marius
430 3423 532 3515 filius,
555 3429 604 3496 M.
625 3429 758 3514 Cicero,
780 3451 865 3519 quos
884 3424 1121 3518 consuetudine
1139 3450 1199 3494 sua
1218 3427 1265 3496 sic

224 3531 286 3610 silli
305 3544 470 3633 devinxit,
489 3560 528 3614 ut
544 3571 642 3615 nemo
659 3547 698 3614 iis
717 3560 878 3641 perpetuo
896 3543 995 3613 fuerit
1014 3545 1131 3614 carior.

271 3665 314 3731 Π.
340 3667 438 3733 Pater
457 3680 585 3736 mature
603 3665 749 3734 decessit.
771 3669 846 3760 Ipse
865 3663 1141 3753 adolescentulus,
1161 3691 1263 3761 prop·

224 3798 274 3853 ter
287 3783 484 3854 affinitatem
502 3788 539 3854 P.
562 3784 713 3880 Sulpicii,
732 3787 789 3880 qui
811 3786 966 3854 tribunus
988 3783 1091 3878 plebis
1110 3784 1263 3854 interfec-

224 3919 278 3973 tus
295 3919 362 3991 est,
385 3930 454 3973 non
474 3897 589 3999 expers
609 3905 672 3973 fuit
691 3903 778 3973 illius
796 3902 942 3999 periculi.
961 3907 1112 3995 Namque
1132 3905 1261 3991 Anicia,

224 4025 398 4119 Pomponii
410 4024 622 4107 consobrina,
635 4038 793 4117 nupserat
803 4027 852 4092 M.
868 4024 995 4110 Servio,
1008 4022 1102 4090 fratri
1115 4020 1260 4115 Sulpicii.

224 4147 340 4238 Itaque
365 4143 537 4214 interfecto
559 4141 722 4237 Sulpicio,
746 4158 959 4237 posteaquam
984 4140 1084 4228 vidit,
1110 4141 1262 4210 Cinnano
