3198 5174
356 455 393 522 ιι
484 413 486 420 ’
697 457 872 514 conumn
892 457 1049 525 unroms

355 609 410 654 eas
427 597 540 680 gentes
566 607 639 678 quae
662 607 753 652 mare
769 581 852 654 illud
867 583 1027 676 adjacent.
1044 583 1122 673 Quo
1137 585 1225 654 facto
1241 583 1391 666 Lacedae-

356 704 458 773 monii
480 703 521 772 de
538 701 668 772 diutina
684 702 898 773 contentione
914 701 1130 791 destiterunt,
1149 717 1184 771 et
1199 729 1258 772 sua
1273 718 1392 798 sponte

355 822 610 892 Atheniensibus
633 822 764 916 imperii
792 821 949 890 maritimi
976 821 1200 916 principatum
1223 847 1393 894 concesse-

357 957 450 1028 runt;
461 964 642 1036 pacemque
654 940 706 1009 his
717 938 844 1035 legibus
857 944 1115 1024 constituerunt,
1127 955 1166 1010 ut
1176 941 1392 1012 Athenienses

356 1061 441 1134 mari
460 1061 559 1130 duces
580 1073 698 1130 essent.
722 1061 806 1148 Quae
826 1059 964 1128 victoria
982 1073 1081 1130 tantae
1100 1059 1163 1128 fuit
1184 1062 1291 1130 atticis
1312 1060 1394 1130 lati-

357 1182 427 1269 tie,
447 1194 485 1250 ut
503 1195 574 1248 tum
589 1181 736 1274 primum
754 1203 818 1248 arae
838 1179 915 1248 Paci
934 1178 1064 1273 publice
1085 1181 1152 1248 sint
1170 1179 1279 1266 faetae,
1297 1180 1393 1274 eique

356 1299 424 1370 deae
445 1296 598 1394 pulvinar
621 1300 664 1368 sit
693 1300 891 1367 institutum.
917 1298 1019 1390 Cujus
1042 1296 1154 1370 laudis
1170 1313 1209 1367 ut
1231 1299 1394 1368 memoria

356 1433 522 1505 maneret,
539 1417 715 1486 Timotheo
698 1415 894 1512 publice
884 1429 1029 1504 statuam
1046 1417 1081 1484 in
1056 1416 1177 1498 som
1191 1432 1391 1511 posuerunt:

356 1560 428 1644 qm
406 1537 542 1604 honos
563 1532 653 1632 huic
663 1536 722 1630 pni
737 1549 827 1627 ante
839 1535 873 1620 id
879 1551 1036 1629 tempus
1039 1537 1198 1630 contigit,
1219 1551 1394 1630 utLquum

357 1656 443 1766 patri
462 1652 603 1748 populus
622 1667 764 1764 statuam
774 1654 959 1754 posuisset,
975 1652 1043 1721 filio
1064 1677 1260 1746 quoqu-ea
1219 1654 1323 1740 daret.
1341 1658 1395 1726 Sic

354 1775 449 1867 juxta
464 1775 572 1868 posita
586 1757 699 1842 recens
714 1771 792 1861 filii,
807 1788 953 1842 veterem
970 1773 1071 1914 patris
1087 1775 1258 1842 renovavit
1274 1799 1396 1846 memo·

357 1896 485 1962 riam.

406 2015 466 2081 111.
492 2013 554 2082 Hic
572 2037 676 2105 quum
698 2026 781 2082 esset
799 2036 920 2106 magno
937 2025 1035 2099 natu,
1054 2025 1088 2080 et
1107 2013 1315 2108 magistratus
1339 2038 1396 2109 ge·

358 2157 431 2202 rere
463 2131 617 2221 desisset,
646 2131 734 2202 hello
761 2131 976 2202 Athenienses
1006 2130 1153 2223 undique
1184 2133 1291 2227 premi
1318 2149 1394 2203 sunt

359 2253 469 2346 coepti.
495 2252 667 2322 Defecerat
691 2255 833 2321 Samus:
857 2252 1018 2320 descierat
1041 2248 1294 2345 Hellespontus:
1317 2252 1397 2321 Phia

357 2370 468 2467 lippus
487 2372 557 2467 jam
582 2386 652 2440 tum
674 2369 787 2442 valens
807 2370 947 2441 Macedo
970 2369 1076 2439 multa
1100 2369 1318 2458 moliebatur3
1343 2373 1409 2440 cui

358 2493 530 2587 oppositus
550 2492 672 2560 Chares
694 2516 797 2584 quum
819 2505 920 2577 esset,
940 2515 1008 2558 ιιοιι
1033 2489 1111 2558 satis
1136 2490 1172 2557 in
1194 2514 1234 2557 eo
1255 2489 1394 2584 praesidii

359 2612 548 2707 putabatur.
559 2613 614 2678 Fit
625 2610 837 2679 Menestheus
851 2624 982 2703 praetor,
995 2607 1083 2677 filius
1093 2609 1284 2702 Iphicratis,
1297 2633 1398 2703 gener

357 2731 541 2815 Timothei,
567 2745 617 2817 et,
645 2744 683 2798 ut
709 2729 751 2798 ad
779 2729 903 2800 bellum
928 2717 1170 2823 proficiscatur,
1198 2729 1395 2798 decernitur.

357 2855 444 2920 Huic
464 2851 499 2918 in
516 2847 690 2918 consilium
705 2849 827 2917 dantur
847 2848 914 2917 duo
928 2873 990 2916 usu
1006 2860 1039 2916 et
1061 2847 1221 2941 sapientia
1241 2863 1398 2941 praestan·

359 2982 428 3055 tes,
443 2992 588 3062 quorum
607 2967 745 3036 consilio
766 2981 932 3054 uteretur,
950 2981 1045 3062 pater
1065 2980 1098 3034 et
1116 2991 1228 3034 socer:
1251 2966 1341 3058 quod
1362 2968 1395 3035 in

356 3086 409 3156 his
425 3101 517 3156 tauta
540 3101 611 3156 erat
633 3088 831 3175 auctoritas,
850 3101 889 3156 ut
906 3111 1027 3181 magna
1050 3109 1123 3179 spes
1138 3100 1241 3171 esset,
1261 3111 1321 3180 per
1343 3109 1396 3155 eos

351 3207 476 3276 'amissa
498 3232 595 3303 posse
618 3209 815 3301 recuperari.
839 3209 882 3276 Hi
902 3231 1006 3301 quum
1029 3209 1164 3275 Samum
1186 3206 1326 3300 profecti
1348 3231 1399 3274 esd

287 3305 289 3310 Ι
359 3341 447 3415 sent,
472 3342 506 3397 et
530 3327 646 3396 eodem
671 3328 814 3414 Chares,
839 3325 985 3396 adventu
1006 3350 1122 3394 eorum
1146 3327 1295 3420 cognito,
1321 3350 1394 3400 cum

357 3449 425 3517 suis
449 3449 551 3542 copiis
577 3445 855 3540 proficisceretur,
881 3470 922 3515 ne
946 3444 1027 3538 quid
1051 3445 1186 3514 ahsente
1211 3469 1245 3513 se
1269 3459 1393 3540 gestum

357 3566 542 3652 videretur;
559 3565 699 3652 eccidit,
713 3590 816 3658 quum
832 3565 874 3634 ad
888 3563 1030 3633 insulam
1046 3563 1344 3658 appropinquaret,
1360 3578 1393 3631 ut

357 3710 478 3780 magna
506 3700 684 3779 tempestas
708 3685 862 3754 oriretur.
888 3685 1001 3772 Quam
1025 3685 1148 3753 evitare
1179 3683 1245 3752 duo
1271 3693 1407 3752 veteres'

359 3809 576 3900 imperatores
592 3804 672 3872 utile
689 3805 855 3891 arbitrati,
871 3829 965 3874 suam
982 3802 1118 3873 classem
1134 3816 1390 3897 suppresserunt.

356 3927 400 3995 At
415 3923 485 4012 ille,
501 3924 675 3993 temeraria
690 3948 769 3994 usus
785 3925 928 4012 ratione,
941 3948 1010 3992 ιιοιι
1026 3924 1123 3992 cessit
1136 3924 1299 4017 majorum
1316 3934 1389 3988 uatu

359 4045 562 4130 auctoritati,
578 4057 626 4131 et,
642 4057 678 4112 ut
696 4045 730 4111 in
747 4067 806 4112 sua
823 4045 900 4134 navi
915 4019 999 4112 esset
1015 4021 1163 4130 fortuna,
1179 4065 1246 4136 quo
1261 4054 1389 4110 conten·
