3168 5048
386 495 439 536 roc
721 480 896 538 CORNELII
919 484 1074 540 NEPOTIS

381 609 502 680 lissime
522 633 556 676 se
578 607 686 702 gessit.
712 585 812 675 Petiit
831 622 942 676 autem
964 608 1004 677 ab
1034 613 1181 678 Eumene
1203 611 1351 701 absente,
1367 639 1408 682 ne

380 744 547 824 pateretur
564 726 708 820 Philippi
727 726 844 796 domus
861 741 894 795 et
919 726 1050 802 familiae
1073 727 1314 798 inimicissimos
1333 734 1408 800 stir-

381 871 456 941 pem
473 871 603 940 quoque
621 846 824 932 interimere,
843 845 1007 938 ferretque
1025 871 1122 939 opem
1145 845 1255 916 liberis
1271 847 1408 918 Alexan·

380 966 452 1034 dri:
469 991 568 1059 quam
587 965 716 1033 veniam
733 965 759 1031 si
779 964 966 1051 sihtdaret,
983 967 1227 1061 quamprimum
1249 969 1408 1038 exercitus

379 1099 527 1179 pararet,
542 1108 625 1176 quos
643 1083 705 1151 sibi
721 1083 865 1152 subsidio
880 1082 1058 1153 adduceret
1075 1084 1133 1152 :id
1145 1109 1211 1178 quo
1225 1083 1351 1154 facilius
1364 1087 1408 1154 fa·

379 1220 483 1288 ceret,
502 1229 536 1272 se
564 1202 717 1272 omnibus
741 1201 916 1295 praefectis,
942 1204 1057 1294 quiin
1084 1202 1191 1271 officio
1216 1205 1405 1291 manebant,

377 1325 503 1392 misisse
518 1322 658 1408 litteras,
679 1335 717 1388 ut
733 1322 764 1388 ei
780 1335 951 1413 parerent,
970 1322 1105 1414 ejusque
1116 1321 1260 1391 consiliis
1277 1336 1407 1392 uteren-

378 1456 443 1510 tur.
465 1445 525 1510 His
549 1440 647 1509 rebus
667 1444 829 1509 Eumenes
853 1453 1041 1532 permotus,
1061 1441 1161 1508 satius
1182 1440 1290 1528 duxit,
1314 1443 1341 1509 si
1359 1444 1406 1511 ita

378 1559 505 1630 tulisset
524 1561 670 1645 fortuna,
687 1560 795 1653 perire
808 1537 1029 1628 benemeritis
1042 1558 1237 1628 referentem
1249 1562 1404 1653 gratiam,

378 1651 478 1770 quain
496 1679 663 1772 ingratum
678 1681 797 1746 vivere.

423 1799 497 1866 vtl.
515 1800 631 1889 Itaque
645 1799 755 1890 copias
768 1798 947 1885 contraxit,
962 1795 1257 1866 bellumadversus
1268 1799 1405 1892 Antigo-

377 1937 458 1983 num
477 1918 687 2008 comparavit.
707 1915 807 2005 Quod
825 1939 890 1983 una
908 1930 1001 1984 erant
1016 1895 1237 1989 Macedonum
1254 1916 1403 2010 complu-

379 2056 430 2102 res
442 2031 581 2121 nobiles,
599 2036 634 2100 in
648 2035 699 2102 bis
717 2037 907 2120 Peucestes,
923 2036 980 2127 qui
1000 2035 1147 2126 corporis
1168 2049 1278 2104 custos
1295 2035 1404 2105 fuerat

376 2151 567 2239 Alexandri,
586 2166 657 2220 tum
680 2166 789 2219 autem
810 2152 978 2221 obtinebat
997 2151 1182 2238 Persidem,
1204 2153 1402 2246 Antigenes,

375 2271 469 2363 cujus
492 2272 553 2340 sub
574 2272 710 2365 imperio
734 2269 877 2366 phalanx
901 2286 972 2340 erat
991 2271 1224 2359 Macedonum,
1246 2273 1402 2340 invidiam

374 2416 489 2460 verens
505 2391 624 2487 (quam
640 2407 748 2460 tamen
762 2391 904 2484 effugere
922 2416 988 2460 non
1005 2389 1150 2484 potuit),
1164 2392 1191 2459 si
1208 2393 1319 2485 potius
1333 2394 1401 2487 ipse

374 2508 553 2602 alienigena
574 2511 692 2578 summi
713 2511 840 2604 imperii
859 2512 1035 2604 potiretur,
1057 2535 1155 2602 quam
1176 2508 1229 2578 alii
1248 2511 1400 2580 Macedo-

375 2652 470 2715 num,
488 2654 629 2720 quorum
650 2630 695 2697 ibi
716 2644 787 2696 erat
808 2627 1000 2715 multitudo,
1022 2630 1056 2695 in
1080 2630 1247 2722 principiis
1267 2633 1400 2699 nomine

373 2745 548 2816 Alexandri
564 2749 678 2815 statuit
693 2732 956 2835 tabernaculum,
970 2749 1004 2815 in
1022 2772 1125 2840 eoque
1142 2746 1253 2817 sellam
1267 2773 1399 2816 auream

373 2888 450 2933 cum
464 2879 591 2959 sceptro
604 2890 642 2932 ac
655 2865 836 2934 diademate
848 2867 946 2957 jussit
962 2868 1056 2958 poni,
1070 2890 1173 2959 eoque
1191 2891 1303 2935 omnes
1317 2892 1399 2959 quc-

373 2982 452 3050 tidie
465 2986 651 3071 convenire,
669 2985 761 3053 utibi
777 2984 818 3052 de
834 2986 969 3054 summis
983 2985 1080 3052 rebus
1097 2985 1231 3054 consilia
1247 3010 1399 3080 caperen-

373 3114 429 3169 tur
451 3127 459 3169 ε
481 3101 614 3171 credens
635 3105 761 3172 minore
780 3129 814 3172 se
837 3104 958 3172 invidia
978 3103 1064 3190 fore,
1084 3105 1111 3172 si
1129 3105 1233 3197 specie
1254 3106 1397 3197 imperii,

250 3248 255 3257 ¹
371 3221 576 3312 nominisque
592 3222 798 3291 simulatione
813 3220 1004 3310 Alexandri,
1022 3210 1143 3291 bellum
1160 3222 1326 3292 videretur
1342 3225 1399 3293 ad-

372 3340 565 3408 ministrare.
585 3340 684 3429 Quod
702 3356 735 3409 et
751 3341 836 3409 fecit.
853 3343 954 3429 Nam,
973 3366 1076 3433 quum
1091 3365 1159 3410 non
1179 3340 1222 3408 ad
1242 3346 1397 3414 Eumenis

371 3459 546 3552 principia,
564 3458 620 3526 sed
636 3458 678 3526 ad
697 3461 786 3552 regia
804 3460 1048 3546 conveniretur,
1065 3473 1162 3551 atque
1180 3460 1282 3530 ibide
1299 3463 1396 3530 rebus

371 3574 618 3664 deliberaretur,
644 3577 885 3669 quodammodo
911 3577 1045 3666 latebat;
1074 3601 1178 3671 quum
1203 3581 1312 3648 lamen
1337 3607 1396 3676 per

369 3717 445 3762 eum
461 3720 565 3764 unum
585 3709 775 3798 gererentur
791 3698 909 3765 omnia.

415 3817 505 3882 vt11.
531 3816 593 3882 Hic
615 3815 649 3881 in
672 3817 841 3883 Paraetacis
862 3841 938 3884 cum
957 3819 1124 3910 Antigono
1145 3809 1305 3907 conflixit,
1321 3845 1395 3894 ,non

367 3933 435 4000 acie
451 3933 625 4019 instructa,
643 3932 699 4000 sed
717 3934 895 4024 in,itinere;
913 3960 1053 4028 eumque
1070 3937 1155 4005 male
1172 3952 1342 4032 acceptum
1360 3939 1394 4006 in

367 4050 509 4120 Mediam
522 4052 702 4120 hiematum
718 4055 823 4146 coegit
841 4054 955 4122 redire.
971 4059 1044 4148 Ipse
1059 4058 1091 4123 in
1107 4057 1245 4125 finitima
1263 4059 1395 4150 regione
