3114 5032
358 390 413 427 aaa
477 387 480 393 ’
794 370 932 426 'NOTAE

357 499 453 563 vinus,
467 505 495 551 et
507 479 582 563 llos,
595 493 785 564 domicilium,
799 489 1078 565 vellemannes
1091 492 1188 561 sedes,
1199 492 1396 565 compositam

358 599 407 644 est.
420 588 490 644 lude
502 586 794 660 Boeoti,Tbebanique
809 588 940 662 pingues,
956 598 986 642 ut
998 588 1051 642 bos
1065 586 1122 641 dux
1135 584 1248 653 Cadmi,
1260 594 1292 639 ut
1301 587 1398 640 Bacis

358 681 403 736 vel
412 680 510 748 Pacis,
525 681 578 736 hos
591 697 667 734 sacer
674 680 855 750 Hermunthi,
863 681 893 735 in
902 675 1259 746 Tbebaide,·exblacrobio
1267 716 1275 744 ,
1284 678 1397 746 cultra,

358 771 433 843 cujus
447 790 552 829 nomen
567 791 584 826 a
597 768 719 846 σιίχυσ,
730 771 858 845 pinguis,
869 772 974 840 oritur,
986 780 1018 826 ut
1032 768 1108 844 apud
1119 787 1173 824 nos
1186 772 1213 824 le
1227 762 1400 842 bdeufgras,

358 863 548 933 habebantur3
562 863 630 920 inde
642 862 810 938 stupiditatis
823 873 850 919 et
863 863 947 918 crassi
959 861 1067 936 ingenii
1078 859 1194 917 nominc
1206 862 1280 916 male
1294 859 1401 916 audie·

358 966 429 1012 rant.
439 955 513 1013 Hinc
525 964 565 1012 est
576 955 647 1012 illud
660 955 770 1011 Horatii
778 955 827 1010 lib.
839 974 866 1010 11
880 954 966 1028 Epist.
976 975 984 1008 t

584 1073 690 1121 Boeotum
702 1070 727 1120 in
735 1087 811 1120 crasso
817 1071 969 1137 juraresaere
977 1078 1066 1119 tutum.

660 1236 698 1281 lli
723 1234 935 1281 THRASYBULI
962 1234 1082 1280 vl‘rffl.

399 1384 462 1440 cn».
471 1383 495 1436 I.
509 1381 649 1437 Plun'rraos
660 1379 739 1434 cives.
755 1378 834 1433 Mille
848 1378 1016 1452 quingentos
1029 1378 1161 1452 amplius,
1177 1376 1333 1451 etquidem
1346 1378 1399 1435 in·

360 1476 435 1531 dicta
454 1492 549 1539 causa,
568 1483 636 1528 teste
651 1470 781 1527 AEschine
798 1481 894 1526 contra
910 1470 1128 1544 Ctesiphontem.

399 1566 462 1621 Car.
477 1566 516 1621 ΙΙ.
534 1565 616 1637 Opes.
630 1563 728 1619 Tradit
742 1573 835 1618 umen
847 1562 1006 1632 Diodorus,
1021 1581 1088 1632 xrv,
1102 1560 1156 1632 33,
1171 1562 1252 1618 brevi
1263 1573 1401 1637 tempore

361 1659 437 1714 mille
452 1668 481 1712 et
498 1656 635 1715 ducentos
646 1655 823 1723 convenisse,
840 1654 938 1728 hisque
951 1653 1039 1728 copiis
1054 1654 1174 1723 eductis,
1185 1654 1399 1729 Thrasybulum

361 1768 443 1806 mane
456 1749 603 1822 inopinato
616 1747 647 1802 in
659 1745 774 1820 triginta
785 1757 969 1821 tyrannorum
981 1757 1069 1802 castra
1081 1745 1229 1820 irrupisse,
1241 1745 1399 1819 multisque

362 1859 460 1898 eorum
475 1839 643 1908 interfectis,
662 1837 726 1893 illos
738 1838 859 1894 Athenas
879 1856 909 1894 se
927 1837 1052 1911 recipere
1072 1837 1187 1912 cogisse.
1207 1839 1271 1893 lmo
1287 1828 1397 1893 Xeno-

362 1935 454 2008 phon,
470 1932 500 1987 in
519 1933 587 1987 Istat
601 1949 702 2006 gneo,
722 1949 761 1999 11,
778 1936 795 1996 4
804 1971 813 2000 ,
827 1930 1018 2004 septingentos
1035 1929 1118 1985 fuisse
1137 1939 1248 2003 narrat,
1262 1929 1310 2005 qui
1323 1949 1397 1986 mox

362 2025 399 2082 ad
415 2025 493 2080 mille
510 2022 690 2080 accreverint.

406 2119 484 2173 Veste
503 2116 637 2192 spoliavit
662 2112 747 2183 Quod
764 2123 845 2188 tan-pe
861 2113 983 2188 fortique
1001 2113 1072 2168 duce
1093 2113 1241 2186 indignum
1261 2122 1335 2170 esset
1358 2132 1396 2170 ex

362 2209 479 2266 m'ortuis
492 2207 581 2281 spolia
596 2215 715 2280 captare.

401 2302 464 2356 Car.
481 2301 536 2355 ΙΙΙ.
555 2300 690 2354 Praetores
706 2299 800 2353 creati.
821 2298 857 2354 ld
872 2309 914 2354 est
927 2308 955 2354 et
967 2289 1120 2354 decemviri
1133 2299 1194 2372 qui,
1211 2298 1327 2372 triginta
1347 2309 1396 2374 ty-

363 2393 458 2450 rannis
477 2391 583 2464 ejectis,
600 2388 759 2464 reipublicae
777 2389 942 2446 ordinandae
958 2408 1038 2446 causa
1059 2390 1168 2449 fuerant
1183 2391 1221 2446 ab
1235 2391 1394 2447 Athenien-

363 2487 439 2541 sibus
453 2483 546 2540 creati.
561 2482 675 2551 lustin,
690 2500 720 2550 r,
738 2500 780 2537 ιο.
795 2483 837 2538 Ne
850 2501 903 2558 pro
917 2481 1080 2540 decemviris
1095 2476 1198 2539 habeas
1212 2493 1294 2538 antea
1306 2483 1338 2538 in
1350 2482 1396 2539 Pi·

363 2597 420 2634 raeo
434 2575 598 2632 constitutis.

402 2673 506 2745 Iegem
518 2667 664 2723 oblivionis.
683 2665 718 2722 Id
735 2678 776 2722 est
791 2668 931 2722 amnisc‘ae
946 2685 994 2723 seu
1006 2667 1211 2741 praeteritorum
1231 2666 1395 2723 oblivionis.

365 2762 492 2817 Valerius
510 2759 663 2828 Maximus,
680 2777 727 2828 ιν,
744 2777 756 2812 1
764 2779 773 2828 ς
782 2761 910 2829 Extern,
925 2759 1064 2825 nanae
1076 2759 1198 2830 oblivio,
1212 2761 1395 2837 quamAthc-

366 2854 475 2910 aienses
490 2848 650 2920 ἀμνηστίαν
668 2863 780 2908 vocant.
796 2875 809 2902 s
1077 2838 1078 2841 '

404 2946 467 3000 Car.
482 2947 523 3001 1v
525 2985 537 2999 ,ι
552 2945 671 3003 Honon's
687 2964 796 3001 corona.
812 2945 871 3000 Hac
886 2944 1045 3001 donabatur
1062 2944 1185 3019 quisquis
1201 2943 1236 3001 de
1252 2945 1397 3018 republica

367 3037 562 3093 benemeritus
577 3047 652 3107 erat,
664 3036 695 3092 in
706 3054 808 3112 magna
820 3035 920 3112 populi
934 3036 1102 3111 frequentia,
1115 3036 1248 3108 adjuncto
1260 3038 1397 3112 praeconis

369 3129 471 3203 elogio,
486 3130 602 3185 cassus

410 3222 523 3297 Septem
543 3219 708 3294 sapientiam.
728 3221 785 3290 Qui
798 3219 907 3276 fuerant
923 3219 999 3293 apud
1014 3222 1124 3276 Graecos
1140 3221 1245 3290 Solon,
1258 3219 1397 3288 Pittacus,

369 3315 444 3382 Bias,
453 3314 571 3382 Thales,
584 3312 747 3382 Cleobulus,
760 3315 862 3390 Myson
875 3322 903 3368 et
917 3311 1027 3369 Chilon.
1041 3315 1084 3368 De
1097 3323 1216 3386 quatuor
1225 3313 1323 3388 primis
1336 3332 1398 3371 om·

368 3426 418 3464 nes
435 3406 620 3462 consentiunt.
646 3405 769 3475 Quidam
789 3416 895 3475 autem,
916 3404 1000 3462 trium
1015 3404 1233 3462 novissimorum
1249 3407 1328 3477 loco,
1344 3409 1397 3463 Pe-

368 3498 524 3566 riandrum,
539 3497 773 3554 Anarcharsidem
787 3496 1036 3572 Epimenidemque
1053 3508 1171 3571 ponunt.

408 3591 452 3646 De
467 3589 656 3664 Thrasybulo,
673 3591 740 3647 urile
754 3589 927 3661 Diodorum,
939 3590 1171 3664 Xenophontem,
1189 3589 1397 3675 Thucpdidem,

368 3683 556 3751 Plutarchum,
573 3682 751 3751 Pausaniam,
769 3683 922 3752 lustinum,
937 3682 1079 3738 Valeriana
1093 3682 1261 3753 Maximum,
1280 3694 1308 3739 et
1326 3683 1399 3739 inter

369 3774 551 3841 recentiores,
560 3774 655 3828 Rollin
671 3783 699 3828 et
714 3774 898 3847 Banhdlemy.
907 3776 997 3830 Penes
1009 3773 1123 3829 Bosium
1135 3793 1265 3832 nummus
1281 3787 1353 3844 erat,
1367 3774 1399 3830 in

370 3867 446 3940 cujus
462 3885 520 3922 uno
539 3867 625 3922 latere
645 3877 728 3939 caput
747 3866 888 3937 imberbe,
905 3877 933 3923 et
954 3865 1228 3939 evestamum,
1248 3869 1279 3924 in
1296 3869 1400 3938 altero,

371 3960 444 4016 inter
456 3976 569 4035 capram
585 3967 613 4014 et
633 3960 859 4033 supervolantem
882 3960 912 4014 in
934 3957 1023 4033 capite
1045 3959 1197 4017 moniam:
1212 3963 1260 4017 ΤΗ
1274 3961 1399 4018 ΑΡΕΤΗ.
