3168 5048
436 463 611 562 connum
633 481 790 541 auroris
811 483 860 538 ne
881 483 1048 540 seorsus.
1071 445 1072 450 Ν
1210 481 1265 536 ns

228 621 353 675 naturae
374 606 520 675 debitum
541 607 770 694 reddiderunt;
791 609 906 676 tertius
928 610 969 677 ab
989 611 1156 700 Artabano
1177 628 1268 696 prae·

226 725 311 795 fecto
331 724 418 794 ferro
436 727 652 819 interemptus
669 740 728 794 est.

273 849 316 914 II.
342 849 393 914 Ex
410 845 632 914 Macedonum
653 860 763 914 autem
784 872 902 940 genere
921 848 988 916 duo
1012 848 1117 918 multo
1138 867 1261 920 ceteros

224 979 469 1038 antecesserunt
480 989 591 1032 rerum
605 979 769 1058 gestarum
782 965 902 1059 gloria:
914 967 1101 1063 Philippus,
1112 972 1262 1064 Amyntae

226 1084 324 1176 filius,
333 1099 366 1152 et
377 1083 561 1154 Alexander
570 1088 723 1183 Magnus.
737 1088 866 1155 Horum
875 1085 957 1154 alter
969 1087 1134 1180 Babylone
1145 1091 1261 1158 morbo

225 1218 457 1297 consumptus,
475 1202 647 1296 Philippus
664 1204 754 1296 AEgis
775 1228 795 1271 a
816 1206 991 1293 Pausania,
1011 1215 1113 1298 quum
1134 1223 1261 1300 specta-

225 1338 296 1391 tum
313 1322 408 1391 ludos
424 1325 502 1409 iret,
515 1323 611 1414 Juxta
628 1323 793 1390 theatrum
812 1326 938 1392 occisus
954 1339 1011 1393 est.
1032 1329 1127 1394 Unus
1143 1329 1260 1420 Epiro-

225 1457 288 1530 tes,
304 1443 465 1534 Pyrrhus,
480 1443 626 1534 quicum
646 1441 771 1536 populo
785 1469 921 1512 romano
941 1443 1094 1512 bellavit:
1114 1445 1141 1512 is
1157 1470 1259 1536 quum

224 1565 329 1654 Argos
344 1559 503 1655 oppidum
520 1575 728 1655 oppugnaret
744 1563 778 1628 in
797 1562 1040 1656 Peloponneso,
1054 1563 1162 1658 lapide
1176 1567 1260 1632 ictus

226 1680 357 1748 interiit.
384 1669 480 1749 Unus
506 1682 583 1748 item
609 1679 756 1769 Siculus,
781 1681 960 1775 Dionysius
986 1684 1087 1776 prior.
1115 1684 1200 1754 Nam
1226 1697 1259 1751 et
1318 1707 1327 1724 ·

224 1825 325 1868 manu
343 1801 452 1886 fortis,
470 1814 502 1867 et
519 1797 594 1867 belli
612 1800 736 1892 peritus
756 1799 833 1886 fuit,
845 1815 893 1887 et,
911 1800 944 1897 id
962 1800 1051 1892 quod
1069 1801 1103 1868 in
1118 1815 1258 1895 tyranno

139 1919 142 1921 ’
224 1946 292 1989 non
316 1919 408 1987 facile
430 1921 608 2013 reperitur,
631 1920 764 1987 minime
785 1917 994 2008 libidinosus,
1017 1946 1085 1989 non
1108 1921 1256 1991 luxurio-

224 2065 297 2129 sus,
319 2064 388 2107 non
408 2017 552 2124 avarus,
566 2036 688 2105 nullius
709 2038 756 2105 rei
774 2037 914 2131 denique
935 2039 1092 2132 cupidus,
1110 2043 1173 2108 nisi
1191 2033 1260 2110 sin-'

224 2155 345 2251 gularis
367 2157 581 2250 perpetuique
604 2157 747 2248 imperii;
772 2156 815 2224 ob
838 2181 973 2248 eamque
994 2183 1063 2224 rem
1088 2158 1254 2228 crudelis:

225 2300 300 2342 nam
314 2275 392 2343 dum
407 2274 440 2341 id
458 2274 585 2341 studuit
601 2275 744 2361 munire,
759 2273 881 2358 nullius
893 2277 1036 2369 pepercit
1054 2279 1144 2363 vitae,
1159 2303 1256 2369 quem

225 2393 294 2484 ejus
311 2393 532 2460 insidiatorem
550 2407 691 2485 putaret.
711 2394 773 2459 Hic
790 2417 892 2485 quum
913 2395 1032 2462 virtute
1050 2396 1256 2487 tyrannidem

225 2511 286 2578 sihi
299 2513 490 2606 peperisset,
504 2534 623 2603 magna
636 2512 771 2578 retinuit
784 2510 951 2599 felicitate3
970 2513 1138 2610 majorque
1152 2538 1255 2584 annos

224 2632 389 2724 sexaginta
414 2644 526 2717 natus,
545 2629 680 2697 decessit
698 2629 834 2699 florente
855 2654 957 2724 regno
977 2658 985 2698 :
1005 2656 1111 2724 neque
1133 2633 1167 2700 in
1188 2647 1254 2702 tarn

223 2748 334 2817 multis
350 2751 443 2817 annis
461 2750 654 2840 cujusquam
672 2773 711 2816 ex
731 2774 789 2817 sua
803 2751 903 2844 stirpe
921 2750 1020 2818 funus
1036 2752 1132 2839 vidit,
1151 2777 1255 2846 quum

223 2891 263 2935 ex
281 2868 387 2935 tribus
405 2864 700 2934 uxoribuslibcros
718 2861 938 2959 procreasset,
956 2866 1116 2962 multique
1135 2872 1164 2938 ei
1184 2873 1252 2940 nati

224 3001 330 3054 essent
347 3001 491 3079 nepotes.

158 3092 162 3101 ¹
270 3107 330 3173 ΙΠ.
356 3108 502 3172 Fuerunt
519 3118 675 3197 praeterea
691 3107 802 3196 magni
819 3129 910 3197 reges
929 3126 968 3173 ex
986 3109 1096 3175 amicis
1113 3107 1253 3176 Alexan·

224 3224 274 3292 dri
295 3225 424 3316 Magni,
447 3225 504 3314 qui
526 3237 601 3316 post
623 3223 750 3291 obitum
772 3223 842 3314 ejus
864 3225 998 3316 imperia
1020 3241 1185 3318 ceperunt.
1211 3230 1251 3293 ln

224 3342 273 3409 his
293 3342 493 3434 Antigonus,
517 3355 548 3407 et
564 3339 670 3432 'hujus
692 3338 778 3408 filius
799 3343 998 3428 Demetrius;
1021 3343 1250 3435 Lysimachus,
1347 3393 1348 3396 ,

199 3519 206 3534 .
223 3459 392 3546 Seleucus,
405 3457 607 3526 Ptolemaeus.
628 3462 676 3528 Ex
696 3459 746 3526 his
759 3459 960 3551 Antigonus,
978 3485 1079 3552 quum
1098 3461 1250 3530 adversus

225 3577 394 3647 Seleucum
416 3577 708 3670 Lysimachumque
730 3577 912 3663 dimicaret,
934 3578 968 3645 in
989 3578 1105 3673 proelio
1125 3582 1250 3650 occisus

222 3711 280 3764 est.
295 3697 370 3764 Pari
387 3695 475 3763 letho
494 3695 693 3764 affectusest
711 3697 922 3790 Lysimachus
939 3722 959 3766 a
977 3697 1111 3768 Seleuco
1130 3726 1138 3768 :
1158 3724 1248 3789 nam,

223 3816 375 3884 societate
393 3813 563 3901 dissoluta,
582 3812 703 3881 bellum
721 3815 806 3882 inter
823 3839 857 3883 se
874 3832 1052 3909 gesserunt.
1071 3822 1115 3888 At
1130 3822 1247 3887 Deme-

223 3935 320 4022 trius,
335 3958 436 4025 quum
455 3931 554 4000 filiam
572 3957 663 4000 suam
682 3929 816 4001 Seleuco
834 3937 867 4002 in
881 3937 1124 4003 matrimonium
1142 3936 1246 4006 dedis·

224 4067 285 4142 set,
308 4077 412 4145 neque
432 4075 470 4118 eo
491 4052 593 4144 magis
613 4050 678 4117 fida
700 4053 784 4119 inter
804 4076 859 4119 eos
879 4053 1019 4121 amicitia
1038 4078 1167 4123 manere
1187 4080 1246 4149 po·

1059 4171 1091 4242 8.
