3198 5174
372 517 408 578 tt
551 504 726 562 eorunm
746 506 904 564 unrorrs
924 507 1201 566 rnmsmnnus.

360 632 436 704 bem
455 631 626 718 tenebant,
645 629 723 700 fecit
742 653 857 724 pacem
878 631 929 700 his
949 629 1193 701 conditionibus
1218 657 1226 700 :
1251 657 1293 702 ne
1316 635 1393 728 qui,

361 765 478 847 praeter
492 751 626 844 triginta
647 763 822 843 tyrannos,
841 764 873 832 et
889 747 1020 838 decem,
1037 751 1094 843 qni
1110 765 1225 846 postea
1237 767 1395 846 praetores

361 873 477 956 creati,
497 869 674 964 superioris
691 893 784 938 more
803 867 1004 938 crudelitatis
1022 884 1117 938 erant
1135 873 1201 958 usi,
1222 871 1395 940 afficeren-

362 1006 416 1061 tur
432 989 561 1078 exsilio‚
580 1013 661 1058 neve
679 989 767 1058 bona
785 986 1046 1082 publicarentur3
1066 989 1253 1084 reipublicae
1274 1015 1396 1086 procn-

361 1110 445 1179 ratio
459 1107 584 1202 populo
601 1107 800 1177 redderetur.
815 1105 1011 1176 Precianum
1026 1108 1090 1176 hoc
1104 1133 1236 1202 quoque
1253 1111 1396 1203 Thrasy·

361 1228 448 1316 buli,
460 1227 564 1320 quod,
577 1223 786 1296 reconciliata
802 1249 896 1318 pace,
909 1249 1014 1317 quum
1026 1223 1207 1318 plurimum
1218 1228 1253 1295 in
1266 1228 1395 1298 civitate

362 1361 487 1441 posset,
503 1343 609 1438 legem
628 1342 716 1430 tulit,
735 1369 777 1413 ne
798 1342 870 1438 quis
888 1358 1112 1414 anteactarum
1130 1369 1242 1416 rernm
1262 1371 1395 1416 accusa·

361 1479 471 1551 retur,
499 1486 579 1531 neve
604 1461 798 1533 multaretur
824 1487 993 1555 :eamque
1018 1461 1066 1532 illi
1092 1463 1197 1559 legem
1221 1462 1394 1534 oblivionis

363 1580 579 1676 appellarunt.
597 1582 712 1673 Neque
726 1605 805 1650 vero
821 1581 906 1649 hanc
918 1595 1048 1649 tantum
1067 1581 1234 1651 ferendam
1249 1584 1394 1672 curavit;

363 1700 420 1770 sed
437 1701 552 1786 etiam,
568 1713 606 1769 ut
620 1699 756 1788 valeret,
773 1700 890 1770 effecit.
909 1702 996 1771 Nam
1013 1725 1114 1794 quum
1134 1700 1269 1795 quidam
1286 1727 1326 1772 ex
1343 1705 1395 1772 his

363 1821 420 1913 qui
433 1816 530 1888 simul
545 1844 621 1887 cum
634 1844 673 1887 eo
690 1821 724 1886 in
741 1819 853 1906 exsilio
865 1819 1010 1906 lucrant,
1024 1819 1145 1889 caedem
1159 1821 1265 1890 facere
1280 1847 1395 1891 eorum

364 1937 504 2026 vellent,
529 1962 605 2006 cum
629 1918 746 2031 quilius
766 1938 801 2006 in
825 1940 964 2033 gratiam
988 1927 1132 2008 reditum
1155 1954 1241 2028 erat,
1266 1940 1396 2033 publice

365 2058 549 2152 prohibuit,
570 2071 602 2126 et
620 2056 654 2124 id
673 2057 762 2150 quod
779 2056 943 2152 pollicitus
961 2073 1050 2147 erat,
1070 2059 1228 2156 praestitit.
1273 2091 1275 2096 ·

411 2180 470 2247 IV.
495 2178 594 2266 Huic,
610 2201 671 2270 pro
687 2177 786 2246 tantis
803 2177 941 2266 meritis,
956 2178 1091 2247 honoris
1106 2202 1228 2248 corona
1240 2202 1259 2246 a
1271 2177 1396 2273 populo

365 2299 440 2367 data
452 2312 514 2386 est,
527 2275 613 2366 facta
624 2297 751 2365 duabus
763 2296 899 2391 virgulis
911 2295 1070 2392 oleaginis
1083 2323 1091 2366 ε
1105 2303 1192 2391 quae,
1204 2298 1396 2391 quodamor

364 2421 503 2508 civium,
527 2437 594 2488 non
618 2419 666 2487 vis
689 2433 904 2511 expresserat,
929 2418 1054 2487 nullam
1078 2421 1193 2488 hahuit
1217 2419 1399 2502 invidiam,-

365 2553 549 2633 magnaque
568 2537 631 2606 fuit
650 2535 764 2632 gloria.
784 2541 872 2607 Bene
891 2561 970 2633 ergo
989 2541 1135 2608 Pittacus
1156 2537 1227 2624 ille,
1248 2539 1306 2631 qui
1324 2563 1397 2632 sep·

364 2673 431 2726 tem
450 2659 633 2750 sapientum
654 2680 792 2724 numero
813 2671 861 2726 est
880 2657 1030 2745 habitus,
1050 2682 1153 2750 quum
1169 2658 1200 2725 ei
1218 2656 1397 2750 Mitylenaei

363 2775 466 2844 multa
483 2774 586 2844 millia
603 2763 756 2871 jugerum
773 2777 843 2870 agri
863 2778 993 2845 muneri
1011 2776 1143 2862 darent,
1162 2776 1316 2863 «Nolite,
1336 2801 1397 2845 oro

363 2918 439 2980 vos,
457 2894 583 2988 inquit,
599 2895 633 2962 id
649 2896 731 2964 mihi
746 2894 824 2963 dare
841 2921 849 2962 :
867 2896 955 2988 quod
971 2894 1068 2964 multi
1085 2896 1272 2993 invideant,
1285 2893 1397 2989 plures

364 3015 462 3081 etiam
481 3016 738 3106 concupiscant:
757 3039 859 3108 quare
881 3039 921 3082 ex
944 3016 1012 3082 istis
1033 3013 1110 3085 nolo
1135 3014 1276 3109 amplius
1296 3040 1397 3109 quam

364 3147 496 3201 centum
512 3134 644 3228 jugera,
665 3160 737 3228 quae
754 3149 787 3204 et
803 3160 910 3203 meam
929 3136 1030 3204 animi
1050 3136 1251 3228 aequitatem,
1273 3112 1306 3204 et
1326 3160 1398 3205 ves·

363 3270 448 3323 tram
465 3252 667 3322 voluntatem
686 3253 840 3322 indicent.
856 3255 943 3323 Nam
961 3279 1062 3348 parva
1080 3280 1232 3343 munera,
1251 3253 1395 3343 diutiua3

364 3372 559 3467 locupletia,
579 3396 646 3440 non
669 3375 804 3467 propria
825 3399 894 3442 esse
914 3389 1195 3442 consueverunt.»
1215 3373 1276 3443 Illa
1297 3375 1398 3468 igitur

362 3515 485 3560 corona
497 3506 668 3560 contentus
682 3491 918 3586 Thrasybulus,
937 3518 1044 3586 neque
1057 3493 1196 3587 amplius
1211 3494 1397 3588 requisivit,

365 3633 471 3702 neque
483 3634 681 3703 quemquam
696 3612 822 3680 honore
834 3637 869 3680 se
880 3615 1083 3681 antecessisse
1098 3614 1304 3682 existimavit.
1317 3617 1396 3701 Hic,
1477 3683 1487 3706 ,-

365 3730 513 3822 sequenti
540 3742 707 3822 tempore,
735 3756 838 3823 quum
865 3747 986 3824 praetor
1015 3731 1149 3801 classem
1179 3732 1221 3802 ad
1248 3733 1398 3802 Ciliciam

365 3848 562 3943 appulisset,
590 3833 696 3941 neque
722 3853 799 3919 satis
826 3849 998 3946 diligenter
1024 3854 1058 3920 in
1087 3855 1200 3923 castris
1227 3855 1297 3946 ejus
1322 3879 1398 3948 age·

262 4043 265 4052 ¹
365 3982 478 4037 rentur
503 3968 640 4062 vigiliae,
663 3994 682 4038 a
705 3970 870 4056 barbaris,
889 3995 930 4040 ex
951 3971 1074 4066 oppido
1099 3987 1199 4041 noctu
1226 3965 1399 4067 eruptione

367 4087 464 4175 facta,
482 4089 517 4156 in
536 4088 749 4159 tabernaculo
767 4090 955 4160 interfectus
974 4107 1030 4163 est
