3114 5032
533 503 853 580 cassaverimus
977 499 979 504 ·
1155 507 1213 563 sss

174 634 268 690 minus
294 631 465 690 monstrifica
491 632 619 706 quadam
645 630 807 687 deiisdem
829 629 976 686 tradidisse
1000 651 1006 684 :
1031 633 1210 705 praevalidam

18 729 22 739 “
82 709 88 725 ’
174 727 250 781 hanc
262 709 373 794 urbem,
385 724 575 796 majoremque
585 721 754 794 Carthagine
766 739 884 796 magna3
895 733 1029 808 praeterea
1042 741 1077 778 ex
1091 724 1209 780 adverso

175 817 236 888 ejus
250 817 346 886 sitam,
361 827 389 872 et
406 835 496 889 prope
510 815 648 869 immenso
662 823 752 868 tractu
767 813 804 868 ab
817 813 917 886 Tingi3
935 831 1050 886 quaeque
1066 814 1119 868 alia
1139 815 1209 870 Cor-

174 909 266 964 nelius
278 910 376 983 Nepos
388 909 548 963 avidissime
565 907 693 962 credidit.
705 929 717 955 υ
730 907 796 961 Non
809 905 926 976 mirum,
942 906 966 960 si
983 907 1145 976 Cornelius,
1162 907 1210 980 qui

174 1001 356 1074 polygraphis
369 998 594 1056 anamnerandus
603 998 724 1066 videtur,
739 1016 800 1052 non
816 997 910 1052 omnia
924 1009 1050 1053 accurate
1063 999 1128 1054 satis
1143 1018 1209 1072 per·

173 1090 275 1164 pendit
296 1075 324 1146 et
346 1091 540 1164 investigavit,
566 1089 603 1159 si,
622 1089 740 1144 nimimn
762 1086 852 1144 fidens
876 1089 996 1144 aliorum
1013 1089 1210 1160 relationibus,

150 1167 153 1174 ²
174 1199 271 1236 arnore
285 1201 380 1237 rerum
395 1179 567 1239 mirabilium
582 1191 610 1236 et
627 1179 688 1236 veri
701 1180 823 1254 quadam
839 1180 930 1254 specie
943 1180 1095 1254 aliquando
1109 1181 1221 1255 decep--

174 1281 219 1328 tus
231 1273 292 1327 fuit.
306 1273 341 1328 Id
353 1273 446 1346 ipsum
457 1273 552 1329 Plinio
568 1290 692 1346 quoque,
704 1273 753 1345 qui
766 1283 823 1330 tam
836 1272 936 1328 acerbe
949 1291 1012 1328 eum
1024 1273 1124 1346 carpit,
1137 1291 1209 1327 non-

174 1383 320 1438 nunquam
335 1365 479 1433 accidisse,
495 1365 557 1439 quis
570 1363 673 1438 neget?

215 1457 342 1511 Poetieen
358 1457 479 1530 attigisse
497 1439 672 1525 Cornelium,
685 1466 763 1534 patet
776 1475 792 1511 e
804 1456 889 1511 Plinii
901 1455 1021 1528 junioris
1034 1455 1152 1529 epistola
1165 1474 1209 1510 su-

161 1565 226 1621 ·pra
245 1559 470 1603 commemorata.
485 1548 618 1604 Defendit
636 1547 710 1603 enim
729 1548 760 1602 in
777 1566 821 1616 ea,
840 1547 965 1602 Cornelii
981 1559 1009 1602 et
1027 1558 1071 1603 tot
1090 1547 1209 1602 aliorum

176 1639 323 1711 exemplis,
343 1657 419 1694 suam
439 1639 469 1693 in
484 1639 641 1694 scribendis
659 1639 865 1712 recitandisque
882 1639 1025 1694 versiculis
1043 1639 1207 1694 libertatem.

213 1733 408 1786 Memorantur
428 1730 464 1785 ab
484 1732 635 1786 Ammiano
656 1731 839 1798 Marcellino,
862 1731 1024 1797 Macmbio,
1046 1730 1207 1796 Prisciono,

176 1825 342 1892 Lactantio,
354 1823 493 1896 Epistolae
514 1805 635 1877 Comelii
650 1824 693 1876 ad
713 1823 871 1878 Ciceronem
887 1834 916 1877 et
935 1821 1074 1877 Ciceronis
1091 1823 1132 1875 od
1145 1822 1209 1876 Cor-

176 1915 297 1982 nelium,
314 1914 441 1989 pluribus
456 1913 535 1970 libris
552 1916 682 1970 collecta.
697 1913 795 1970 Fidem
811 1913 926 1984 faciunt,
936 1914 1120 1984 intercessisse
1136 1914 1209 1969 inter

175 2008 228 2062 hos
252 2008 328 2063 viros
348 1991 492 2081 quoddam
515 1999 670 2062 litterarum
692 2007 904 2075 commercium,
929 2018 1060 2062 constans
1085 2007 1209 2062 Cornelii

176 2099 295 2154 amicitia
319 2118 385 2173 erga
408 2099 545 2170 Atticum,
566 2098 709 2154 Ciceronis
732 2097 911 2167 familiarem,
933 2109 961 2154 et
979 2099 1065 2172 ipsius
1085 2099 1209 2154 Cornelii

126 2219 129 2225 ·
173 2191 262 2247 =verba
277 2191 313 2247 de
332 2191 476 2248 Ciceronis
495 2192 532 2247 ad
551 2192 674 2247 Atticum
691 2191 830 2266 epistolis,
848 2191 878 2245 in
896 2192 955 2247 vita
971 2191 1072 2260 Attici,
1087 2209 1146 2264 cap.
1164 2190 1208 2245 16.

176 2284 309 2359 Egregius
328 2285 412 2340 etiam
433 2284 510 2339 testis
521 2295 570 2340 'est
591 2285 751 2353 Suetonius,
770 2283 818 2357 qui
839 2283 870 2337 in
888 2282 945 2337 vita
964 2284 995 2338 C.
1013 2283 1081 2338 Julii
1096 2282 1209 2337 Caesaris

175 2367 236 2448 ipsa
264 2376 346 2431 affert
369 2371 512 2431 Ciceronis
538 2376 577 2438 ad,
597 2376 759 2431 Cornelium
785 2374 895 2430 verba:
917 2399 930 2425 «
945 2373 1041 2444 Quid?
1066 2385 1209 2429 oratorum

176 2486 259 2540 quem
276 2467 340 2522 huic
356 2479 510 2540 antepones
530 2487 643 2537 eorum,
663 2467 712 2541 qui
725 2467 796 2522 nihil
813 2467 887 2522 aliud
904 2466 1036 2540 egerunt?
1055 2467 1124 2536 Quis
1142 2485 1208 2522 sen-

176 2559 271 2615 tentiis
286 2569 333 2614 aut
349 2553 457 2614 acutior
467 2569 519 2636 ¹aut
534 2559 678 2614 crebrior?
694 2558 763 2628 Quis
778 2558 872 2614 verbis
889 2569 935 2612 aut
948 2559 1074 2613 ornatior
1089 2569 1136 2612 aut
1151 2559 1209 2614 ele-

123 2696 127 2702 .
176 2650 326 2723 gantioris
342 2652 398 2707 Sed
413 2651 539 2706 eamdem
553 2662 658 2706 sortem
673 2669 812 2724 perpessae
829 2662 893 2705 sunt
907 2651 949 2705 hae
966 2651 1112 2723 Epistola,
1125 2668 1209 2723 quam

174 2753 217 2798 tot
235 2744 302 2814 alia,
322 2745 422 2818 quibus
443 2743 593 2818 antiquitas
612 2743 766 2816 gaudebat,
784 2742 935 2798 volumina.
954 2744 1130 2799 Conservatae
1147 2742 1209 2797 for-

174 2845 244 2890 tasse
262 2835 377 2890 haissent
392 2835 535 2891 Ciceronis
553 2835 590 2891 ad
608 2835 771 2889 Cornelium
788 2834 899 2903 litterae,
915 2834 939 2888 si
956 2834 1050 2889 minor
1068 2835 1142 2889 inter
1160 2853 1208 2888 eos

174 2925 371 2982 intercessisset
389 2927 573 2983 necessitudo.
592 2924 671 2981 Tunc
691 2926 766 2982 enirn
786 2945 846 2981 non
865 2927 999 3000 separatis
1018 2926 1098 2981 libris
1115 2926 1209 2995 editae,

174 3019 266 3073 lotum
281 3019 467 3075 obtinuissent
479 3023 553 3075 inter
566 3017 711 3076 Ciceronis
722 3020 854 3093 epistolas
868 3019 904 3074 ad
917 3019 1055 3088 diversos,
1069 3039 1128 3093 quae
1141 3030 1207 3074 aeta·

175 3118 231 3164 tem
247 3111 377 3164 tulerunt.
503 3101 505 3106 ¹
684 3103 690 3118 ⁸
1066 3160 1068 3164 .

213 3202 277 3274 lpse
293 3220 346 3256 nos
363 3202 446 3256 docet
465 3203 629 3272 Cornelius,
646 3221 675 3258 se
690 3222 749 3258 non
765 3204 904 3257 minorem
921 3221 1035 3275 operam
1050 3201 1209 3257 adhibuisse

174 3293 204 3347 in
221 3295 346 3350 romanis
361 3294 577 3367 imperatoribus
593 3293 768 3368 exponendis
787 3313 870 3367 quam
886 3295 916 3348 in
933 3295 1037 3367 graecis.
1062 3275 1113 3360 llis
1134 3293 1208 3348 enim

176 3384 268 3440 verbis
281 3386 424 3441 concludit
439 3385 528 3441 vitam
543 3385 694 3442 Annibalis
708 3407 714 3440 :
731 3387 875 3459 «Tempus
889 3397 930 3440 est
944 3385 1024 3456 hujus
1039 3385 1106 3440 libri
1119 3385 1209 3460 iacere

174 3474 273 3546 finem,
286 3487 314 3532 et
327 3476 521 3533 Romanorum
535 3477 675 3550 explicare
687 3477 886 3549 imperatores,
900 3495 956 3548 quo
967 3474 1089 3548 facilius,
1102 3475 1210 3532 collatis
1264 3539 1267 3546 ¹

174 3578 354 3641 utrorumque
378 3569 472 3644 sactis,
501 3569 549 3642 qui
576 3568 630 3622 viri
657 3569 825 3642 praeferendi
849 3569 919 3638 sint,
946 3567 1035 3641 possit
1059 3567 1209 3648 judicarit»

173 3659 262 3714 Testis
281 3660 364 3714 etiam
384 3671 425 3715 est
440 3660 616 3729 Plutarchus,
632 3660 680 3732 qui
700 3661 732 3718 in
750 3660 815 3715 vitis
837 3661 877 3714 M.
893 3659 1035 3728 Marcelli,
1055 3661 1162 3715 Luculli
1183 3672 1210 3716 et

145 3757 148 3770 '
173 3752 362 3806 Gracchorum
382 3752 512 3817 fratrum,
535 3753 610 3807 hunc
634 3752 739 3807 librum
760 3751 885 3808 Cornelii
903 3751 1004 3808 habuit
1022 3763 1086 3808 ante
1104 3755 1208 3808 oculos.

159 3835 227 3898 'Sed
242 3843 361 3913 interiit,
378 3855 406 3900 et
419 3855 460 3899 est
476 3845 553 3917 quod
570 3844 712 3913 dubitem,
727 3864 764 3899 an
776 3846 834 3900 vita
850 3844 978 3914 Catonis,
992 3863 1052 3917 quae
1071 3856 1210 3917 superest,

172 3954 225 4007 pro
241 3935 377 4008 particula
392 3936 472 4007 hujus
487 3937 554 3991 libri
568 3937 603 3992 de
619 3936 836 4010 imperatoribus
853 3937 985 3993 habenda
1001 3936 1052 4006 sit;
1072 3934 1102 3988 in
1114 3937 1209 3992 brevi-

134 4085 138 4091 ,
171 4039 227 4085 tate
244 4031 319 4086 enirn
337 4048 385 4085 sua
403 4029 524 4102 amplior
546 4039 587 4085 est
605 4032 635 4084 in
658 4029 768 4104 scriptis
786 4031 859 4102 ejus,
877 4049 961 4103 quam
980 4030 1010 4084 in
1024 4030 1109 4086 rebus
1126 4029 1209 4103 gestis

172 4125 375 4180 enumerandis.
788 4139 792 4144 ’
