3198 5174
386 467 419 524 16
678 433 682 450 '
721 468 897 546 mannen
918 469 1072 524 umens

383 619 487 688 quum
502 593 656 679 venisset,
675 606 707 660 et
728 589 951 686 inpraesentia
974 595 1270 688 rexahesse13quo
1290 597 1418 690 majore

382 711 541 806 religione
558 736 593 780 se
604 726 776 804 receptum
795 727 958 798 tueretur,
976 711 1075 782 filiam
1092 714 1162 807 ejus
1174 713 1345 807 parvulam
1361 740 1420 786 ar-

382 834 500 925 ripuit,
515 847 549 900 et
564 856 640 901 cum
659 855 697 900 ea
715 856 750 900 se
767 833 802 899 in
818 833 1013 932 sacrarium,
1035 832 1125 925 quod
1141 857 1270 902 summa
1285 833 1417 903 coleba-

382 967 437 1019 tur
462 952 664 1038 caerimonia,
688 952 841 1043 conjecit.
866 951 948 1020 Inde
972 977 1039 1020 non
1064 953 1155 1044 prius
1176 977 1326 1046 egressus
1350 969 1416 1038 est,

381 1095 480 1164 quam
499 1097 556 1140 rex
578 1095 669 1158 eum,
688 1070 765 1138 data
784 1069 918 1155 dextra,
938 1072 973 1138 in
993 1070 1092 1139 fidem
1111 1073 1272 1166 reciperet
1291 1097 1412 1165 :quam

380 1191 541 1284 praestitit.
558 1191 646 1260 Nam
662 1213 766 1280 quum
782 1189 822 1256 ah
838 1189 1095 1260 Atheniensibus
1110 1205 1144 1259 et
1156 1191 1414 1261 lacedaemoniis

379 1323 611 1404 exposceretur
620 1307 951 1402 publice,supplieem
962 1309 1414 1404 nonprodidit3monuitque,

379 1444 416 1498 ut
431 1427 617 1497 consuleret
632 1429 713 1496 sihi':
726 1428 862 1496 difficile
879 1430 967 1496 enim
983 1429 1068 1513 ess'e,
1090 1429 1124 1497 in
1142 1445 1210 1498 tam
1225 1432 1415 1524 propinquo

379 1547 452 1616 loco
472 1563 546 1616 tuto
559 1572 634 1615 eum
648 1548 780 1616 versari.
793 1551 910 1640 ltaque
923 1547 1073 1641 Pydnam
1088 1573 1165 1617 eum
1177 1548 1297 1618 deduci
1304 1551 1414 1642 jussit,

378 1682 412 1735 et
431 1666 521 1759 quod
534 1667 611 1734 satis
627 1681 711 1736 esset
728 1666 869 1760 praesidii
890 1665 991 1735 dedit.
1011 1671 1082 1736 Hac
1098 1693 1134 1736 re
1159 1668 1286 1756 audita,
1301 1671 1356 1738 hic
1376 1673 1415 1740 in

378 1811 497 1854 navem
507 1786 661 1854 omnihus
673 1787 807 1880 ignotus
823 1788 933 1855 nautis
950 1787 1108 1858 ascendit.
1123 1788 1415 1881 Quaquumtem-

377 1917 502 1998 pestate
518 1907 660 1973 maxima
674 1907 806 1975 Naxum
822 1907 979 1995 ferretur,
997 1907 1055 1974 ubi
1076 1922 1147 1976 tum
1158 1907 1413 1978 Atheniensium

377 2040 449 2094 erat
473 2027 650 2110 exereitus,
679 2027 780 2094 sensit
803 2025 1058 2112 Themistocles,
1079 2028 1107 2094 si
1129 2051 1168 2095 eo
1192 2030 1411 2121 pervenisset,

376 2144 438 2214 sibi
458 2169 527 2214 esse
549 2143 766 2238 pereundum.
793 2149 863 2215 Hae
885 2147 1078 2214 necessitate
1108 2161 1255 2235 coactus,
1276 2146 1411 2216 domino

376 2266 488 2353 navis,
500 2267 573 2359 quis
589 2266 650 2352 sit,
669 2266 791 2359 aperit,
814 2263 919 2334 multa
935 2265 1109 2359 pollicens,
1126 2269 1154 2335 si
1170 2292 1204 2335 se
1220 2292 1411 2338 conserves-

375 2402 433 2454 set.
452 2390 495 2456 At
506 2386 577 2475 ille,
589 2379 760 2456 clarissimi
771 2386 834 2453 viri
848 2399 963 2478 captus
978 2387 1218 2474 misericordia,
1234 2386 1321 2456 diem
1334 2413 1411 2457 noe-

375 2521 508 2600 temque
525 2505 642 2601 procul
659 2507 701 2573 ab
718 2504 825 2574 insula
842 2506 877 2572 in
893 2505 961 2573 salo
978 2529 1097 2573 navem
1114 2508 1220 2574 tenuit
1236 2509 1270 2574 in
1286 2509 1410 2577 encho-

373 2628 432 2712 ris,
444 2650 551 2718 neque
560 2649 759 2718 quemquam
777 2615 816 2692 e'x
833 2648 871 2693 ea
889 2626 978 2692 exire
999 2649 1112 2718 passus
1128 2640 1187 2693 est„
1205 2626 1287 2696 Inde
1302 2629 1412 2722 Ephe-

375 2768 447 2812 sum
464 2745 630 2837 pervenit,
646 2744 758 2836 ibique
771 2742 1024 2814 Themistoclem
1040 2745 1175 2836 exponit
1187 2747 1262 2813 :eui
1278 2744 1332 2815 ille
1348 2771 1409 2840 pro

374 2865 501 2931 meritis
519 2865 661 2958 gratiam
674 2879 787 2957 postea
804 2862 926 2932 retulit.

405 3021 406 3026 κ
421 2985 480 3052 ΙΧ.
497 2984 571 3051 Scio
582 2982 755 3078 plerosque
766 2985 812 3053 ita
825 2985 1005 3078 scripsisse,
1015 2985 1285 3076 Themistoclem,
1298 2992 1407 3056 Xerxe

264 3172 279 3196 ,
373 3117 551 3196 regnante,
569 3105 604 3171 in
618 3105 730 3172 Asiam
747 3101 923 3172 transiisse.
940 3103 1005 3172 Sed
1018 3129 1081 3198 ego
1096 3105 1303 3196 potissimum
1319 3108 1408 3176 Thu·
1428 3179 1432 3186 ,

373 3223 482 3317 cydidi
497 3224 610 3312 eredo,
626 3224 716 3317 quod
736 3240 830 3294 aetate
850 3225 1019 3318 proximus
1036 3238 1106 3292 erat
1124 3225 1175 3293 his
1198 3228 1255 3318 qui
1274 3225 1406 3295 illorum

372 3358 559 3438 temporum
584 3344 757 3413 historiam
782 3343 1005 3436 reliquerunt,
1030 3359 1063 3411 et
1090 3342 1236 3435 ejusdem
1265 3346 1405 3414 civitatis

371 3461 444 3530 fuit.
458 3466 491 3531 Is
509 3478 619 3532 autem
636 3464 682 3531 ait
699 3463 741 3532 ad
757 3467 971 3533 Artaxerxem
987 3487 1062 3530 eum
1079 3465 1220 3548 venisse,
1236 3481 1335 3558 atque
1354 3466 1404 3534 his

372 3583 480 3650 verbis
500 3583 671 3676 epistolam
688 3583 838 3651 misisse:
856 3581 1118 3650 «Themistocles
1133 3586 1208 3651 veni
1224 3583 1265 3652 ad
1283 3599 1328 3671 te,
1347 3589 1404 3677 qui
1444 3619 1447 3624 ·

371 3702 514 3796 plurima
529 3700 615 3770 mala
632 3703 781 3771 omnium
796 3703 975 3770 Graiorum
986 3701 1020 3768 in
1030 3701 1166 3771 domum
1183 3718 1274 3772 tuam
1291 3703 1403 3791 intuli,

312 3807 317 3818 ⁵
369 3847 473 3916 quum
492 3821 574 3890 mihi
594 3845 722 3892 necesse
743 3821 805 3888 fuit
827 3821 981 3888 adversus
1001 3836 1128 3914 patrem
1152 3805 1244 3890 tuum
1265 3822 1403 3912 bellare,

369 3943 577 4034 patriamque
603 3964 708 4008 meam
737 3939 921 4007 defendere.
947 3940 1040 4008 Idem
1061 3940 1167 4010 multo
1191 3941 1287 4036 plura
1308 3935 1403 4013 hona

368 4060 429 4130 feci
439 4113 448 4146 ,
458 4076 632 4154 postquam
648 4061 691 4126 in
701 4072 773 4126 tuto
783 4060 867 4153 ipse,
878 4073 912 4127 et
927 4058 982 4127 ille
998 4062 1032 4128 in
1049 4060 1197 4152 periculo
1209 4086 1277 4131 esse
1292 4065 1400 4157 coepit.
