3168 5048
616 463 797 518 altmanus.
843 439 848 466 '
1178 481 1213 536 97

191 586 322 652 cionem
350 595 424 673 post
449 580 627 652 Alexandri
649 600 789 655 mortem
810 599 899 678 gesta
919 600 1014 673 sunt,
1039 611 1217 680 omnesque

195 712 435 792 concurrerunt
463 698 504 766 ad
529 701 718 769 Perdiccam
741 703 1002 794 opprimendum.
1026 703 1135 790 Quem
1158 705 1218 774 etsi

159 827 161 836 ’
197 817 363 886 infirmum
387 816 534 903 videbat,
558 819 647 911 qnod
672 845 756 888 unus
783 821 935 889 omnibus
957 821 1106 890 resistere
1122 847 1218 918 coge·

198 937 314 1028 batur;
331 950 440 1015 tamen
452 936 593 1023 amicum
609 962 676 1005 non
694 923 969 1031 deserriit,neque
981 936 1108 1026 salutis,
1119 965 1218 1033 quarn

198 1053 287 1135 fidei,
307 1053 370 1122 fuit
390 1053 550 1147 cupidior.
572 1054 764 1123 Praefecerat
784 1081 860 1123 eum
886 1056 1056 1125 Perdiccas
1077 1059 1108 1124 ei
1134 1062 1220 1150 parti

198 1175 296 1260 Asiae,
315 1198 388 1264 quae
404 1173 491 1241 iuter
502 1177 647 1241 Taurum
664 1187 810 1242 montem
821 1175 1018 1270 jacetatque
1029 1173 1220 1269 Hellespon·

200 1307 296 1390 tum,
312 1307 346 1360 et
368 1291 461 1360 illum
481 1318 585 1361 unum
609 1277 806 1386 opposuerat
822 1296 989 1386 Europaeis
1008 1295 1219 1363 adversariis:

200 1412 271 1504 ipse
290 1413 466 1504 AEgyptum
494 1425 722 1504 oppugnatum
743 1410 897 1479 adversus
917 1412 1127 1481 Ptolemaeum
1153 1428 1223 1482 erat

201 1528 378 1622 profectus.
397 1533 560 1596 Eumenes
576 1551 802 1621 quummeque
823 1553 956 1622 magnas
976 1532 1099 1622 copias,
1117 1556 1224 1623 neque

202 1647 313 1714 firmas
339 1648 487 1733 haberet,
508 1645 597 1739 quod
620 1647 853 1735 inexercitatae,
879 1662 999 1717 etnon
1022 1647 1127 1717 multo
1148 1665 1224 1718 ante

100 1749 102 1754 f
202 1781 298 1833 erant
325 1766 514 1853 confractae,
544 1765 718 1834 adventare
736 1779 856 1858 autem
883 1767 1085 1854 dicerentur,
1104 1767 1226 1837 Helles-

202 1899 408 1978 pontumque
428 1884 581 1951 transisse
599 1885 772 1976 Antipater
788 1899 821 1951 et
838 1887 992 1953 Craterus
1010 1910 1131 1979 magno
1150 1910 1226 1954 cum

204 2005 348 2070 exercitu
364 2002 605 2088 Macedonum,
619 2002 682 2068 viri
698 2027 800 2094 quum
815 2001 979 2090 claritate,
993 2019 1065 2072 tum
1076 2027 1137 2072 usu
1149 2003 1227 2072 belli

204 2135 396 2220 praestantes
412 2120 627 2215 (Macedones
645 2145 722 2188 vero
738 2119 857 2202 milites
875 2135 1008 2192 ea'tunc
1021 2137 1114 2190 erant
1127 2103 1230 2211 fama,
1324 2176 1332 2186 .

205 2263 272 2331 qua
289 2264 377 2306 nune
395 2240 537 2322 Romani
553 2239 703 2307 feruntur
719 2266 727 2307 :
744 2241 864 2310 etenim
885 2265 1012 2332 semper
1032 2241 1136 2308 habiti
1153 2256 1229 2314 sunt

206 2355 392 2445 fortissimi,
415 2359 471 2449 qui
493 2381 654 2425 summam
674 2333 802 2450 imperii
824 2330 1043 2452 potirentur);
1063 2364 1229 2427 Eumenes

208 2474 429 2570 intelligebat,
447 2479 474 2544 si
489 2479 591 2570 copiae
606 2501 672 2545 suae
682 2491 891 2570 cognossent,
908 2477 1062 2546 adversus
1074 2502 1156 2571 quos
1171 2477 1231 2545 du·

208 2610 376 2684 cerentur,
396 2621 464 2664 non
479 2595 579 2663 modo
597 2621 664 2663 non
689 2597 806 2684 ituras,
824 2587 881 2664 sed
900 2594 995 2664 simul
1018 2621 1092 2666 cum
1114 2597 1230 2664 nuntio

208 2715 399 2809 dilapsuras.
419 2719 535 2808 Itaque
555 2715 618 2784 hoc
642 2717 711 2808 ejus
731 2717 794 2785 fuit
812 2716 1102 2810 prudentissimum
1125 2719 1231 2784 consi·

208 2833 305 2921 lium,
321 2849 360 2902 ut
373 2835 475 2904 deviis
489 2836 661 2925 itineribus
678 2834 797 2904 milites
813 2835 960 2922 duceret,
977 2835 1139 2927 inquibus
1155 2859 1232 2903 vera

209 2953 324 3022 audire
339 2979 406 3022 non
422 2968 573 3047 possent,
587 2968 620 3022 et
639 2955 689 3022 his
707 2955 936 3046 persuaderet,
952 2977 985 3020 se
1002 2967 1117 3026 contra
1133 2978 1232 3044 quos·

210 3071 286 3140 dam
304 3073 460 3140 barbaros
480 3073 658 3165 proficisci,
669 3076 912 3165 Itaquetenuit
930 3073 993 3140 hoc
1014 3074 1232 3166 propositum,

210 3207 244 3260 et
259 3192 349 3285 prius
377 3193 411 3258 in
435 3193 537 3260 aciem
562 3192 742 3261 exercitum
765 3190 892 3278 eduxit,
912 3189 1127 3283 proeliumque
1144 3215 1232 3258 com·

211 3313 319 3396 misit,
336 3334 435 3402 quam
453 3309 572 3378 milites
591 3313 642 3378 sui
663 3311 798 3394 scirent,
815 3334 890 3377 cum
913 3310 1030 3402 quibus
1048 3333 1139 3376 arma
1156 3333 1234 3376 con·

210 3431 343 3499 ferrent.
361 3427 481 3496 Eiiecit
501 3430 598 3497 etiam
619 3426 700 3495 illud
720 3426 869 3495 locorum
883 3428 1181 3520 praeoccupatione,
1198 3439 1235 3494 ut

210 3551 360 3641 equitatu
376 3548 486 3641 potius
502 3546 686 3634 dimicaret,
704 3571 770 3639 quo
786 3544 859 3639 plus
876 3545 1018 3631 valebat,
1035 3569 1134 3639 quam
1147 3545 1236 3639 pedi·

212 3682 298 3756 tatu,
314 3694 380 3760 quo
395 3681 467 3739 erat
482 3666 633 3735 deterior.
1012 3656 1016 3665 ’

261 3791 318 3856 IV.
334 3793 490 3881 Quorum
519 3786 678 3854 acerrimo
701 3809 863 3854 concursu
878 3811 980 3879 quum
995 3811 1146 3879 magnam
1164 3809 1237 3878 par-

214 3923 279 3976 tem
302 3907 366 3974 diei
387 3921 472 3975 esset
487 3919 686 4000 pugnatum,
702 3905 791 3972 cadit
810 3910 966 3977 Craterus
990 3905 1072 3992 dux,
1093 3921 1127 3974 et
1148 3908 1236 3975 Neo·
1332 3939 1337 3949 ·

213 4026 390 4119 ptolemus,
402 4026 458 4118 qui
470 4024 651 4095 secundum
668 4023 777 4092 locum
792 4025 921 4117 imperii
935 4024 1162 4092 tenebatzcum
1176 4025 1238 4092 hoc

1062 4169 1080 4236 7
