3198 5174
615 511 796 567 narluns.
1185 507 1221 580 75

200 641 284 726 rari,
302 637 422 706 bellum
443 660 517 703 cum
539 634 610 727 ipso
631 661 706 730 rege
728 637 862 726 suscipi3
885 632 989 725 deque
1009 657 1046 700 ea
1068 657 1120 720 re,
1145 636 1172 702 si
1192 638 1222 704 ei

137 736 140 744 Ι
199 758 377 842 videretur,
396 779 462 848 quo
483 755 555 823 loco
575 753 686 839 vellet,
706 756 740 821 in
752 752 961 844 'colloquium
982 754 1115 821 veniret.
1139 758 1221 823 Pro·

200 877 274 942 bata
287 900 336 962 re,
353 873 559 967 colloquendi
577 887 704 966 tempus
721 873 872 957 sumitur,
890 869 1044 962 locusque
1060 895 1126 962 quo
1144 897 1222 940 con-

199 996 372 1061 veniretur.
390 997 464 1060 Huc
480 990 779 1059 Mithridatescum
796 1014 880 1075 uno,
897 989 954 1080 qui
973 989 1146 1056 maximam
1164 990 1221 1057 ha-

174 1097 294 1182 ¹bebat
323 1110 437 1198 fidem,
464 1123 538 1178 ante
563 1108 688 1201 aliquot
714 1108 782 1176 dies
803 1108 910 1193 venit,
936 1087 1222 1199 compluribusque

198 1232 276 1301 locis
294 1232 466 1324 separatim
485 1227 607 1322 gladios
626 1228 754 1313 obruit,
772 1251 873 1318 eaque
889 1224 960 1293 loca
978 1223 1148 1317 diligenter
1164 1251 1222 1293 no·

198 1365 254 1418 tat.
268 1353 347 1443 Ipso
365 1363 474 1416 autem
494 1345 699 1438 colloquendi
717 1345 783 1432 die,
802 1346 950 1437 utrique,
969 1343 1076 1414 locum
1094 1347 1151 1439 qui
1168 1370 1222 1414 ex-

198 1467 382 1563 plorarent,
413 1480 512 1558 atque
539 1466 626 1558 ipsos
652 1476 892 1548 scrutarentur,
921 1465 1066 1532 mittunt.
1094 1463 1221 1532 Deinde

199 1589 261 1681 ipsi
280 1601 362 1655 sunt·
380 1585 553 1677 congressi.
580 1583 643 1650 Hic
665 1606 767 1686 quum
791 1580 979 1672 aliquandiu
1003 1584 1037 1648 in
1059 1580 1221 1674 colloquio

174 1714 180 1720 ’
199 1704 348 1791 fuissent,
366 1718 399 1771 et
416 1701 533 1770 diversi
547 1700 780 1786 discessissent,
793 1700 925 1791 jamque
940 1699 1055 1793 procul
1068 1704 1221 1770 Datames

199 1824 338 1911 abesset3
357 1821 578 1905 Mithridates,
596 1820 787 1912 priusquam
804 1818 845 1886 ad
870 1843 944 1886 suos
964 1821 1162 1912 perveniret,
1180 1845 1222 1887 ne

199 1964 297 2032 quam
311 1941 528 2033 suspicionem
534 1951 683 2038 pareret,
701 1938 735 2002 in
749 1934 898 2004 eumdem
914 1935 1023 2004 locum
1036 1939 1220 2025 revertitur,

200 2073 298 2150 atque
314 2059 375 2145 ibi,
393 2057 449 2124 ubi
463 2054 564 2123 telum
580 2069 650 2122 erat
663 2056 865 2148 impositum,
879 2053 1014 2141 resedit,
1031 2069 1068 2122 ut
1083 2057 1111 2122 si
1128 2054 1222 2123 alas·

200 2177 341 2262 situdine
370 2188 503 2268 cuperet
531 2175 748 2265 acquiescere3
776 2159 1011 2263 Datamemque
1041 2176 1221 2261 revocavit,

201 2293 355 2361 simulans
378 2317 411 2360 se
428 2290 582 2384 quiddam
600 2294 634 2359 in
654 2289 816 2384 colloquio
836 2316 904 2359 esse
922 2289 1069 2358 oblitum.
1087 2293 1222 2358 Interim

201 2411 317 2498 telum,
336 2410 424 2504 quod
444 2409 579 2498 latebat,
596 2408 748 2503 protulit,
766 2409 989 2500 nudatumque
1004 2410 1119 2502 vagina
1134 2424 1222 2478 veste

199 2532 297 2617 texit,
314 2555 352 2598 ac
373 2530 504 2599 Datami
525 2523 668 2596 venienti
690 2530 750 2614 ait,
775 2527 1007 2621 digredientem
1026 2553 1059 2595 se
1076 2528 1223 2597 animad-

200 2651 333 2736 vertisse
351 2647 460 2716 locum
477 2647 666 2738 quemdam,
679 2649 738 2739 qui
753 2661 823 2714 erat
836 2648 870 2714 in
886 2661 1079 2739 conspectu,
1096 2647 1138 2716 ad
1155 2673 1223 2716 cas-

200 2781 251 2836 tra
270 2765 421 2860 ponenda
437 2790 505 2834 esse
532 2764 695 2834 idoneum.
720 2768 828 2854 Quem
850 2789 952 2856 quum
970 2764 1073 2858 digito
1090 2765 1223 2834 demon·

200 2900 334 2971 straret,
365 2899 397 2952 et
423 2881 477 2951 ille
505 2885 721 2976 conspiceret3
751 2907 900 2951 aversum
928 2883 1014 2951 ferro
1046 2883 1222 2972 transfixit,

200 3004 370 3096 priusque,
387 3026 486 3095 quam
507 3004 680 3096 quisquam
698 3017 808 3094 posset
828 3025 1030 3086 succurrere,
1052 3003 1221 3072 interfecit.
1276 3091 1278 3096 Ι

199 3124 250 3189 Ita
267 3122 330 3208 vir,
351 3122 407 3214 qui
432 3119 552 3188 multos
570 3120 721 3208 consilio,
739 3121 900 3188 neminem
922 3119 1058 3212 perfidia
1077 3135 1221 3214 ceperat,

200 3239 349 3308 simulata
367 3254 481 3333 captus
499 3254 548 3308 est
565 3241 714 3307 amicitia.
