3168 5048
529 1085 531 1092 ‘
578 1170 581 1177 ,
650 1049 1079 1156 PELOPIDAS.

784 1435 943 1458 ⁸⁹*—

352 1685 568 1822 pstorrms,
582 1735 776 1821 Thebanus,
795 1736 897 1830 magis
912 1736 1078 1804 historicis
1091 1759 1189 1828 quam
1206 1734 1305 1827 vulgo
1317 1758 1378 1801 uo·

352 1871 416 1924 tus.
432 1856 536 1948 Cujus
546 1853 586 1922 de
594 1854 774 1923 virtutibus
790 1852 905 1922 dubito
915 1853 1194 1946 quemadmodum
1203 1867 1378 1946 exponam,

349 1973 441 2066 quod
464 1995 580 2043 vereor
603 1999 661 2059 ne,
683 1974 710 2041 si
733 1997 785 2041 res
807 1971 968 2066 explicare
992 1975 1161 2067 incipiam
1186 1998 1254 2042 non
1275 1973 1378 2040 vitam

349 2092 418 2183 ejus
435 2115 605 2176 enarrare,
622 2075 865 2160 sedhistoriam
880 2091 993 2160 videar
1011 2093 1168 2179 s'cribere;
1187 2092 1216 2161 si
1232 2105 1378 2159 tantum·

349 2209 449 2278 modo
477 2235 621 2280 summas
643 2211 799 2304 attigero,
823 2235 865 2278 ne
890 2209 1028 2278 rudibus
1053 2210 1238 2279 litterarum
1256 2232 1378 2303 graeca-

348 2355 424 2398 rum
443 2331 553 2398 minus
574 2329 855 2422 lucideappareat
876 2344 1019 2421 quantus
1036 2329 1136 2397 fuerit
1157 2328 1212 2397 ille
1228 2329 1290 2396 vir.
1309 2330 1377 2395 Ita·

349 2474 413 2542 que
432 2450 565 2540 utrique
580 2451 628 2516 rei
645 2473 831 2534 occurram,
844 2434 1005 2540 quantum
1021 2461 1157 2540 poter03
1171 2461 1205 2517 et
1222 2446 1379 2515 medebor

349 2590 453 2658 quum
469 2567 629 2653 satietati,
642 2580 714 2633 tum
728 2567 921 2658 ignorantiae
940 2565 1113 2634 lectorum.
1126 2565 1300 2634 Phoebidas
1315 2568 1379 2633 La·

349 2684 580 2771 cedaemouius,
601 2708 705 2777 quum
725 2685 904 2753 exercitum
926 2683 1112 2778 Olynthum
1130 2683 1280 2772 duceret,
1300 2685 1378 2753 iter-

348 2827 412 2895 que
429 2827 489 2895 per
503 2803 632 2872 Thebas
648 2802 784 2889 faceret,
798 2827 907 2871 arcem
923 2802 1051 2896 oppidi,
1070 2828 1143 2896 quae
1159 2803 1304 2872 Cadmea
1317 2827 1378 2871 no·

345 2920 511 3012 minatur,
521 2920 710 3013 occupavit,
720 2920 864 3013 impulsu
877 2945 1119 3015 perpaucorum
1128 2922 1378 3007 Thebanorum,

344 3039 420 3133 ¹qui,
439 3037 631 3107 adversariae
648 3039 783 3108 factioni
800 3064 866 3132 quo
892 3038 1019 3108 facilius
1043 3025 1248 3141 resisterent,
1271 3045 1378 3110 Laco-

348 3182 430 3225 num
451 3157 549 3228 rebus
573 3157 766 3243 studebant;
786 3156 885 3251 idque
906 3183 965 3227 suo
987 3160 1132 3251 privato,
1158 3185 1224 3230 non
1244 3161 1378 3254 publico

348 3276 425 3345 fecit
442 3276 590 3345 consilio.
610 3278 688 3364 Quo
711 3277 796 3344 facto
814 3301 890 3345 eum
912 3277 1153 3346 Lacedaemonii
1174 3280 1214 3346 ab
1233 3281 1377 3347 exercitu

347 3411 575 3484 removerunt,
591 3397 798 3489 pecuniaque
809 3395 1004 3464 multarunt.
1018 3399 1135 3489 Neque
1152 3423 1191 3466 eo
1204 3399 1309 3492 magis
1327 3424 1379 3466 ar·
1456 3398 1461 3408 ⁴

348 3540 421 3584 cem
440 3517 604 3585 Thebanis
622 3514 856 3600 reddiderunt3
880 3516 984 3608 quod,
1003 3518 1160 3609 susceptis
1182 3519 1377 3604 inimicitiis,

349 3635 452 3704 satius
474 3635 639 3703 ducebant
660 3659 716 3702 eos
737 3635 881 3702 obsideri
909 3660 1006 3728 quam
1032 3635 1175 3704 liberari.
1195 3639 1280 3704 Nam
1303 3654 1379 3729 post

342 3752 625 3847 ‘Peloponnesium
642 3751 782 3839 bellum,
800 3753 1011 3847 Athenasque
1025 3753 1184 3842 devictas,
1200 3779 1276 3824 cum
1292 3757 1377 3852 The·

348 3873 441 3942 banis
465 3872 528 3940 sibi
547 3896 618 3939 rem
639 3895 708 3939 esse
729 3873 973 3957 existimabant,
993 3887 1026 3941 et
1045 3867 1100 3941 eos
1117 3898 1186 3942 esse
1209 3874 1297 3942 solos
1321 3877 1379 3967 qui

348 3993 504 4062 adversus
518 3993 669 4061 resistere
687 3991 856 4060 auderent.
869 3997 939 4062 Hac
956 4007 1063 4062 mente
1079 3995 1193 4062 amicis
1208 3996 1274 4062 suis
1291 4019 1380 4063 sum·
