3168 5048
346 447 401 503 166
553 448 728 504 nonnam
750 447 906 518 aaronis
927 445 1161 504 rasennam.

344 577 444 644 vitam
471 588 597 642 mutum
622 573 742 642 laboris
766 574 863 667 culpa
886 591 943 643 tua
969 575 1120 667 recipias,
1142 573 1189 641 uti
1219 573 1253 639 in
1280 571 1381 640 nullo

346 711 493 787 tempore
512 708 583 763 tute
602 694 661 761 tibi
682 693 808 785 placere
826 696 937 787 possis.
976 707 978 712 '

391 929 578 1026 [Cornelias
597 935 713 1026 Nepos
733 936 767 999 in
791 931 870 1000 libro
892 931 935 1002 de
951 933 1116 1001 historicis
1135 921 1261 1014 mritis,
1283 931 1325 998 de

540 1053 542 1058 ’
707 1051 808 1120 laude
834 1052 1007 1120 Cr'cemnr's.

392 1291 483 1357 x111.
509 1289 586 1358 Non
610 1288 762 1380 ignorare
785 1287 897 1375 debes,
919 1312 1024 1356 unum
1040 1289 1112 1358 'hoc
1133 1307 1236 1381 genus
1256 1285 1378 1354 latina-

347 1432 421 1476 rum
434 1406 618 1474 litterarum
628 1405 735 1474 adhuc
744 1431 812 1474 non
822 1406 922 1475 modo
934 1431 1001 1475 non
1013 1407 1210 1500 respondere
1225 1406 1379 1493 Gmciae,

346 1526 404 1595 sed
422 1527 560 1594 omnino
581 1525 663 1593 rude
682 1540 780 1619 atque
803 1526 993 1614 inchoatum
1013 1541 1119 1594 morte
1138 1525 1309 1620 Ciceronis
1328 1549 1382 1591 re·

346 1644 470 1714 lictum.
488 1642 548 1712 Ille
562 1644 650 1712 enim
665 1643 728 1711 fuit
746 1667 847 1731 unns,
864 1644 920 1736 qui
937 1645 1082 1737 potuerit
1098 1657 1130 1711 et
1145 1643 1243 1711 etiam
1260 1643 1382 1726 debue·
1462 1710 1467 1716 .

275 1833 279 1839 ,
347 1765 392 1831 rit
410 1762 579 1830 historiam
602 1761 700 1855 digna
722 1785 800 1830 voce
821 1763 1037 1855 pronuntiare
1058 1787 1065 1830 :
1087 1763 1210 1855 quippe
1230 1763 1287 1854 qui
1308 1787 1381 1829 ora-

347 1882 466 1950 toriam
483 1868 702 1973 eloquentiam
719 1879 833 1950 rudem
849 1905 869 1948 a
883 1881 1062 1974 majoribus
1078 1895 1246 1972 acceptam
1262 1901 1381 1972 perpo-

347 2000 469 2088 liverit,
492 1998 733 2093 philosophiam
749 2013 824 2069 ante
845 2023 920 2068 eum
941 1999 1141 2092 incomptam
1158 1999 1293 2068 latinam
1317 2025 1380 2068 sua

347 2119 601 2188 conformaverit
627 2121 785 2188 oratione.
814 2121 865 2186 Ex
895 2143 962 2211 quo
988 2119 1119 2206 dubito,
1143 2118 1277 2188 interitu
1307 2120 1380 2214 ejus

273 2277 277 2283 ¹
348 2254 461 2310 unum
477 2262 530 2308 res
547 2237 695 2333 publica,
714 2263 757 2306 an
778 2238 914 2307 historia
934 2239 1037 2332 magis
1057 2237 1175 2308 doleat.

395 2356 559 2451 Locuples
579 2381 618 2426 ac
635 2357 746 2426 divina
764 2372 897 2446 natura,
915 2383 982 2468 qno
1000 2358 1158 2450 majorem
1174 2359 1226 2437 sui
1247 2377 1381 2452 pareret

349 2477 616 2564 admirationem,
629 2476 926 2570 ponderatioraque
942 2501 1000 2546 sua
1016 2492 1124 2545 essent
1136 2474 1312 2568 beneficia,
1325 2504 1381 2548 nc-

349 2621 415 2690 que
432 2597 490 2664 uni
514 2596 624 2666 omnia
643 2594 740 2683 dare‚'
757 2619 818 2664 nec
841 2621 955 2666 rursus
972 2597 1126 2689 cuiquam
1146 2597 1256 2664 omnia
1274 2592 1380 2696 volnit

349 2712 496 2811 segia]
