3168 5048
358 489 394 556 94
581 480 757 536 CORNELII
778 481 934 538 NEPOTIS
957 480 1169 540 AGESILAUS.

358 607 499 698 demque
514 607 650 692 comites
665 631 781 676 omnes
800 608 1049 692 accubuissent,
1065 610 1187 676 vestitu
1203 605 1323 676 humili
1341 622 1391 675 at·

288 819 293 829 .
358 751 423 820 que
436 725 599 810 obsoleto,
619 739 656 794 ut
673 750 788 794 eorum
808 741 945 796 ornatus
963 751 1032 795 non
1045 727 1145 796 modo
1159 729 1194 795 in
1211 728 1263 796 his
1279 753 1393 822 regem

357 847 524 915 neminem
540 846 756 940 significaret,
775 846 832 914 sed
849 845 994 914 hominis
1009 872 1077 914 non
1093 836 1274 917 beatissimi
1286 848 1393 940 suspi-

358 968 487 1036 cionem
505 967 678 1060 praeberet.
699 967 807 1058 Hujus
825 965 867 1034 de
883 966 1030 1034 adventu
1049 965 1136 1036 fama
1153 991 1256 1058 quum
1277 965 1319 1035 ad
1337 991 1391 1034 re·

357 1087 427 1180 gios
443 1099 527 1156 esset
544 1083 689 1180 perlata,
707 1084 856 1154 celeriter
875 1109 1071 1174 muneraeo
1087 1086 1246 1179 cujusque
1263 1085 1391 1178 generis

356 1220 435 1275 sunt
451 1204 560 1274 allata.
580 1206 640 1273 His
665 1205 887 1297 quaerentibus
908 1203 1115 1299 Agesilaum,
1135 1205 1190 1274 vix
1210 1203 1290 1273 fides
1307 1203 1392 1274 facta

356 1337 420 1411 est,
438 1347 544 1392 unum
565 1345 635 1391 csse
652 1347 691 1391 ex
708 1324 760 1392 his
782 1325 932 1416 quitum
954 1324 1171 1392 accubabant.
1194 1323 1261 1411 Qui
1287 1348 1391 1416 quum

356 1443 444 1535 regis
465 1443 574 1512 verbis
599 1467 671 1534 quae
699 1441 880 1511 attulerant
902 1442 1088 1528 dedissent,
1108 1441 1180 1529 ille,
1203 1457 1322 1542 praeter
1344 1441 1393 1508 vi·

187 1603 193 1614 ·
293 1645 294 1648 Ἴ
357 1558 478 1647 tulina,
495 1575 530 1628 et
549 1561 739 1653 hujusmodi
755 1587 875 1656 genera
891 1563 1035 1650 obsonii,
1057 1587 1129 1654 quae
1151 1586 1290 1655 praesens
1304 1574 1391 1628 tem·

357 1704 429 1773 pus.
441 1679 663 1767 desiderabat,
682 1681 766 1750 nihil
788 1683 934 1775 accepit;
959 1696 1144 1776 unguenta,
1165 1705 1319 1768 coronas,
1339 1706 1392 1750 se-

357 1797 566 1892 cundamque
584 1823 733 1868 mensam
748 1801 850 1868 servis
865 1801 1049 1894 dispertiit;
1066 1814 1173 1869 cetera
1189 1800 1304 1869 referri
1320 1800 1390 1893 jus·
1423 1851 1433 1872 .

296 2001 298 2004 Ι
358 1920 410 1986 sit
427 1920 505 2007 Quo
520 1918 607 1987 facto
626 1944 702 1988 eum
714 1920 847 1988 barbari
864 1922 968 2014 magis
986 1921 1085 2017 etiam
1106 1931 1390 2013 contempserunt,

358 2037 447 2130 quod
465 2062 541 2112 eum
566 2040 755 2131 ignorantia
779 2040 942 2108 bonarum
968 2065 1079 2109 rerum
1104 2037 1161 2108 illa
1182 2039 1391 2132 potissimum
1429 2109 1432 2118 ,

358 2159 534 2250 sumpsisse
551 2159 805 2229 arbitrabantur.
824 2161 1006 2253 Hic'quum
1025 2185 1065 2229 ex
1086 2163 1229 2254 AEgypto
1246 2171 1390 2228 reverte·

358 2291 467 2365 retur,
485 2278 626 2347 donatus
644 2303 664 2346 a
680 2304 760 2374 rege
776 2279 1004 2351 Nectanabide
1024 2279 1175 2348 ducentis
1197 2279 1319 2372 viginti
1341 2292 1390 2346 ta·

358 2394 471 2484 lentis,
489 2422 560 2489 quae
575 2396 630 2466 ille
646 2375 776 2468 muneri
790 2398 914 2492 populo
931 2424 991 2470 suo
1004 2399 1116 2485 daret;
1134 2381 1340 2491 venissetque
1353 2397 1389 2464 in

356 2530 490 2608 portum
517 2519 575 2610 qui
597 2518 742 2588 Menelai
764 2535 916 2608 vocatur,
936 2523 1050 2615 jacens
1074 2522 1160 2589 inter
1184 2523 1330 2614 Cyrenas
1355 2533 1390 2587 et

356 2637 558 2730 AEgyptum,
589 2639 625 2704 in
654 2639 809 2709 morbum
840 2639 1020 2735 implicitus
1051 2641 1199 2708 decessit.
1229 2639 1281 2707 lbi
1312 2663 1390 2732 eum

356 2756 470 2842 amici,
484 2780 551 2847 quo
567 2758 719 2848 Spartam
738 2733 865 2828 facilius
883 2760 1027 2853 perferre
1044 2773 1198 2854 possent,
1215 2757 1304 2851 quod
1323 2755 1390 2834 mel

356 2897 423 2940 non
442 2873 622 2964 habebant,
640 2900 714 2944 cera
736 2878 1040 2968 circumfuderunt,
1062 2893 1160 2972 atque
1182 2873 1234 2946 ita
1251 2877 1386 2945 domum

355 2989 551 3061 retulerunt.
670 3005 671 3010 ’
