3168 5048
555 505 808 568 ‚Funuuuura
838 509 840 518 '

508 785 512 794 ·
614 764 687 808 nin.
713 766 771 809 xv.

224 973 351 1038 Harum
368 983 510 1060 parturn.
534 969 660 1037 Charis.
682 968 738 1036 lib.
760 995 789 1057 1,
809 967 869 1039 col.
898 978 970 1054 Ult-

606 1220 678 1264 ΜΒ.
706 1220 780 1265 xvl.

227 1427 255 1495 A
278 1423 377 1490 fratre
394 1421 551 1514 patruele.
573 1425 699 1494 Charis.
717 1423 774 1494 lib.
791 1451 819 1512 1,
835 1427 897 1496 col.
915 1376 991 1498 i13.

596 1689 789 1766 INCERTA

411 1881 480 1942 ouo
496 1883 590 1930 omno
607 1883 759 1931 vmonnu
776 1883 968 1934 unusrnruu

638 2063 745 2100 POSI'H.

225 2271 419 2336 Clnrnnco
434 2269 530 2333 antea
548 2265 816 2358 speciemhabuit
831 2265 970 2360 duplicis
984 2269 1096 2363 oppidi
1111 2273 1203 2363 quasi

176 2384 269 2456 aliud
288 2384 427 2453 alterum
445 2383 694 2477 amplecteretur
713 2409 721 2451 :
742 2383 836 2476 cnjus
856 2385 990 2454 interior
1009 2411 1084 2481 pars
1102 2393 1202 2480 Byrsa
1321 2405 1323 2408 ’
1431 2461 1439 2468 ,

177 2504 359 2589 dicebatur,
382 2504 522 2571 exterior
542 2501 696 2597 Magalia.
715 2503 822 2594 Hujus
841 2505 889 2571 rei
907 2505 996 2574 testis
1014 2519 1063 2574 est
1079 2510 1202 2575 Corne·

176 2621 240 2691 lius
260 2625 373 2717 Nepos
394 2623 429 2691 in
446 2646 486 2690 eo
507 2620 608 2707 libro,
626 2621 684 2714 qui
707 2622 790 2689 Vita
804 2621 984 2692 Illustnum
1003 2624 1199 2693 inscribitur.

175 2742 324 2826 Servitus,
347 2741 398 2809 ad
412 2745 496 2810 AEn.
514 2763 543 2825 1,
563 2736 642 2834 372.

221 2860 365 2953 Propius
379 2859 604 2928 Grammatico
617 2859 745 2928 accessi.
764 2858 957 2943 Dtbmedes,
976 2857 1060 2928 lib.1
1081 2863 1202 2930 Gram-

176 2994 253 3048 mat.
275 2977 337 3050 col.
353 2974 434 3063 405.
756 2967 758 2971 ¹
867 3051 868 3058 χ
1275 3065 1277 3072 y

216 3103 261 3170 Α.
283 3097 436 3187 Albinus,
457 3101 515 3190 qui
534 3123 610 3167 cum
627 3101 666 3166 L.
684 3097 825 3166 Lucullo
840 3095 955 3166 consul
973 3096 1049 3185 fuit,
1067 3121 1118 3166 res
1134 3100 1201 3165 Ro·

178 3241 291 3286 manas
306 3195 453 3285 oratione
469 3240 573 3310 graem
589 3215 791 3309 scriptitavit.
808 3219 855 3293 In,
870 3215 939 3306 ejus
953 3215 1094 3283 historiae
1110 3217 1201 3310 prin-

178 3335 265 3427 cipio
277 3336 436 3428 scriptum
448 3348 498 3402 est
509 3329 551 3402 ad
564 3335 649 3403 hanc
663 3334 855 3401 sententiam
869 3358 876 3400 :
889 3334 1060 3402 Neminem
1073 3357 1201 3401 succen-

177 3475 248 3518 sere
260 3452 322 3520 sibi
334 3453 520 3538 convenire,
532 3453 559 3520 si
573 3451 652 3545 quid
664 3454 698 3519 in
714 3453 765 3519 his
778 3448 869 3518 libris
882 3475 1000 3544 parum
1011 3451 1200 3544 composite,

126 3581 134 3591 ‘
177 3581 235 3635 aut
254 3571 362 3638 minus
377 3568 541 3663 eleganter
560 3572 718 3664 scriptum
734 3570 828 3638 foret.
848 3571 959 3650 «Nam
976 3593 1064 3657 sum,
1080 3570 1201 3663 inquit,

177 3686 279 3755 homo
298 3691 482 3777 Romanus,
502 3703 599 3758 natus
621 3691 655 3756 in
677 3689 799 3758 Latio:
820 3712 924 3782 graeca
943 3688 1047 3755 oratio
1067 3711 1087 3755 a
1106 3688 1200 3756 nobis

176 3803 372 3876 alienissima
388 3783 446 3876 est.
460 3799 485 3872 o⁴
494 3807 637 3901 Ideoque
649 3808 778 3875 veniam
795 3807 997 3900 gratiamque
1013 3803 1105 3873 malae
1118 3807 1200 3873 exis-

176 3925 374 4014 timationis,
392 3928 419 3994 si
438 3926 519 4018 quid
540 3940 623 3994 esset
643 3939 805 4013 erratum,
827 3923 1013 4019 postulavit.
1032 3928 1080 3992 Ea
1098 3948 1200 4017 quum

176 4037 307 4136 legisset
327 4049 375 4116 M.
400 4049 513 4114 Cato:
535 4047 622 4114 «Nae
647 4059 699 4130 tu,
722 4045 844 4136 inquit,
865 4042 959 4128 Aule,
981 4043 1118 4110 nimium
1137 4067 1199 4111 nu-
