3168 5048
378 467 416 544 96
717 469 894 526 CORNELII
914 467 1070 526 unrons

379 623 464 693 pem.
481 600 578 667 Hunc
586 595 696 666 locum
712 599 822 666 tenuit
837 595 988 666 amicitiae
999 594 1087 688 apud
1101 595 1292 690 Philippum
1303 619 1414 666 annos

380 730 516 810 septem.
531 714 594 785 Illo
614 714 803 802 interfecto,
823 713 938 784 eodem
957 715 1062 808 gradu
1081 715 1142 783 finit
1160 713 1248 809 apud
1265 714 1413 798 Alexan-

379 835 477 904 ‹lrum
490 859 596 905 varmos
612 833 780 903 tredecim.
794 833 984 904 Novissimo
1000 848 1148 928 tempore
1160 833 1292 927 praefuit
1306 835 1412 904 etiam

378 951 472 1024 alteri
488 954 635 1047 equitum
652 951 725 1040 ala,
741 976 812 1044 quae
829 951 989 1020 Hetaerice
1009 950 1245 1045 appellabatur.
1264 952 1412 1044 Utrique

378 1086 488 1141 autem
510 1072 547 1140 in·
563 1045 701 1140 oonsilio
720 1093 849 1164 semper
864 1067 977 1158 affinit,
997 1083 1031 1138 et
1053 1070 1201 1140 omnium
1217 1088 1328 1139 rerum
1346 1071 1411 1140 ba-

376 1188 467 1260 bitus
482 1205 532 1260 est
548 1191 720 1285 particeps.

422 1315 466 1380 II.
483 1308 669 1379 Alexandro
685 1309 849 1402 Babylone
872 1323 1022 1396 mortuo,
1042 1331 1145 1401 quum
1167 1331 1268 1401 regna
1289 1308 1409 1402 singu-

377 1427 417 1498 lis
434 1427 649 1497 familiaribus
667 1427 932 1521 dispertirentur,
948 1441 982 1495 et
997 1449 1125 1495 summa
1147 1450 1259 1494 rerum
1283 1424 1407 1496 tradita

377 1560 460 1616 esset
471 1546 593 1614 tuenda
601 1545 706 1613 eidem
721 1547 774 1613 cui
786 1544 968 1615 Alexander
976 1545 1120 1613 moriens
1131 1541 1296 1612 annulum'
1306 1568 1405 1615 suum

376 1665 511 1733 dederat
527 1663 707 1751 Perdiccae,
730 1688 770 1732 ex
792 1688 858 1756 quo
882 1687 995 1732 omnes
1019 1663 1230 1754 conjecerant
1250 1686 1327 1729 eum
1349 1689 1404 1732 re-

376 1805 478 1876 gnum
499 1782 530 1848 ei
554 1781 797 1851 commendasse
820 1780 928 1874 quoad
945 1780 1040 1848 liberi
1058 1781 1131 1873 ejus
1145 1781 1179 1846 in
1201 1804 1293 1848 suam
1314 1795 1404 1854 tute-

375 1899 441 1967 lam
457 1900 680 1991 pervenissent
699 1901 853 1996 (aberant
874 1901 961 1968 enim
980 1901 1136 1967 Craterus
1156 1913 1190 1967 et
1208 1901 1402 1992 Antipater,

351 2051 353 2054 ·
374 2020 431 2112 qui
448 2017 640 2087 antecedere
658 2019 746 2088 huno
762 2018 977 2106 videbantur,
997 2031 1147 2086 mortuus
1168 2032 1239 2086 erat
1261 2017 1402 2111 Hephae·
1472 2008 1477 2014 ¹

374 2137 448 2224 stio‚
461 2162 559 2230 quem
577 2161 680 2205 unum
693 2136 889 2224 Alexander,
905 2134 994 2231 quod
1003 2135 1102 2203 facile
1117 2133 1256 2230 intelligi
1274 2152 1400 2230 posset,

371 2255 505 2350 plurimi
521 2255 679 2350 fecerat),
697 2257 761 2326 hoc
780 2256 928 2349 tempore
946 2255 1023 2323 data
1039 2270 1090 2323 est
1108 2255 1248 2322 Eumeni
1267 2258 1400 2348 Cappa-

355 2367 480 2462 docia,
501 2377 568 2443 sive
584 2375 693 2468 potius
710 2374 818 2460 dicta;
833 2400 908 2443 nam
932 2388 1003 2441 tum
1025 2374 1060 2440 in
1080 2373 1224 2440 hostium
1247 2387 1317 2441 erat
1337 2400 1399 2469 po-

371 2508 496 2564 testate.
514 2498 612 2562 Hune
633 2494 694 2562 sibi
712 2492 885 2561 Perdiccas
907 2492 1102 2584 adjunxerat
1126 2514 1246 2584 magno
1266 2493 1396 2582 studio,

369 2613 459 2705 quod
479 2614 515 2680 in
532 2611 666 2680 homine
687 2611 786 2679 fidem
804 2623 837 2678 et
853 2609 1047 2679 industriam
1068 2634 1222 2705 magnam
1240 2611 1397 2700 videbat3

368 2756 435 2800 non
455 2732 624 2817 dubitans,
644 2731 671 2798 si
693 2755 769 2798 eum
788 2728 991 2824 pellexisset,
1012 2754 1133 2823 magno
1150 2730 1223 2798 usui
1244 2729 1314 2798 fore
1334 2731 1397 2800 sibi

368 2850 402 2916 in
419 2850 471 2918 his
487 2850 584 2918 rebus
600 2873 680 2941 quas
698 2851 885 2943 apparabat.
906 2849 1082 2942 Cogitabat
1097 2849 1205 2935 enim,
1223 2850 1312 2941 quod
1327 2850 1398 2919 fere

368 2991 479 3035 omnes
496 2969 530 3035 in
543 2969 668 3061 magnis
682 2968 828 3060 imperiis
844 2968 1101 3061 concupiscunt,
1120 2969 1268 3061 omnium
1284 2983 1396 3062 partes

367 3086 531 3178 corripere
559 3100 658 3178 atque
682 3085 868 3180 complecti.
894 3089 1011 3180 Neque
1036 3111 1114 3156 vero
1137 3088 1201 3156 hoo
1225 3085 1281 3154 ille
1305 3086 1395 3157 solus

364 3203 463 3293 fecit,
487 3205 544 3274 sed
568 3207 667 3274 ceteri
690 3229 821 3299 qnoque
847 3231 960 3276 omnes
984 3207 1041 3298 qui
1064 3205 1241 3275 Alexandri
1262 3206 1395 3276 inerant

365 3325 472 3394 amici.
486 3325 617 3393 Primus
634 3328 825 3394 Leonnatus
834 3325 1063 3394 Macedoniam
1078 3333 1306 3420 praeoccupare
1319 3327 1393 3396 des·

365 3445 535 3512 tinaverat.
558 3447 591 3512 Is
608 3442 721 3511 multis
739 3446 865 3537 magnis
885 3441 1175 3537 pollicitationibus
1195 3445 1393 3536 persuadere

363 3563 501 3632 Eumeni
523 3561 648 3629 studuit
672 3576 709 3629 ut
733 3562 922 3630 Perdiccam
949 3561 1129 3657 desereret,
1150 3587 1189 3630 ac
1210 3572 1321 3631 'secum
1344 3564 1392 3631 fa·

362 3695 451 3750 caret
468 3681 666 3766 societatem.
686 3682 800 3769 Quum
818 3680 999 3773 perducere
1018 3705 1093 3749 eum
1111 3706 1177 3749 non
1196 3696 1319 3775 posset,
1338 3683 1391 3750 in·

363 3799 508 3868 terficere
525 3812 661 3866 conatus
674 3813 742 3883 est3
759 3813 792 3867 et
807 3798 950 3886 fecisset,
967 3801 1027 3867 nisi
1045 3797 1100 3866 ille
1120 3799 1205 3869 elam
1225 3806 1334 3884 noctu'
1349 3805 1390 3868 ex

361 3917 602 4013 presidiisejus
615 3916 789 4009 effugisset.

347 4059 348 4062 ’
408 4039 466 4104 Ill.
485 4036 622 4104 Interim
640 4032 780 4102 conflata
803 4049 881 4102 sunt
900 4033 955 4106 illa
978 4034 1065 4104 bella
1085 4063 1157 4129 quae
1181 4038 1223 4106 ad
1243 4039 1389 4108 interne·
