3114 5032
536 497 870 554 ,oassnvarronus
1171 498 1226 574 189

187 620 219 675 in
236 620 343 678 deliciis
361 621 521 690 habehant,
539 639 624 695 quam
642 620 680 676 in
693 622 894 694 plerorumque
912 619 1015 678 civium
1033 641 1158 694 suorum,
1176 625 1227 698 qui

188 729 290 786 graecas
305 731 349 767 res
368 713 414 768 vel
432 713 518 785 plane
538 711 709 785 ignorabant
728 714 775 767 vel
792 713 892 768 leviter
905 723 1015 768 tantum
1030 727 1225 773 tractaverant.
1295 712 1297 717 ’

108 803 111 808 '
188 804 269 859 Hunc
287 803 316 858 ei
334 803 417 859 fixisse
437 821 554 876 scopum
574 802 677 862 diserte
697 803 804 860 iudicat
826 805 962 877 prefatio.
984 807 1019 861 Et
1042 825 1100 880 quo
1117 808 1227 866 facilius

187 897 338 953 multorum
356 895 428 951 vitas
447 895 562 951 modico
584 895 728 951 volumine
751 897 1018 970 comprehenderet,
1032 918 1098 955 usus
1116 913 1158 956 est
1176 920 1227 976 ge·

187 1007 253 1044 nere
271 987 413 1044 scribendi
431 987 659 1060 compendiario,
676 1007 736 1042 non
754 989 810 1045 nisi
828 1008 948 1052 summas
963 1008 1057 1046 rerum
1074 991 1227 1066 attingens,

185 1081 216 1135 in
233 1081 409 1154 temporibus
427 1079 560 1136 notandis
579 1079 777 1154 negligentior.
800 1081 957 1138 Conciliare
977 1083 1092 1138 volebat
1109 1087 1226 1142 Graeco-

186 1191 248 1228 rum
266 1172 381 1246 ingenia
399 1183 427 1227 et
444 1172 562 1227 virtutes
575 1171 679 1228 civium
694 1189 808 1228 suorum
827 1172 943 1242 animis3
962 1174 1013 1230 sed
1031 1174 1130 1230 obesse
1145 1177 1227 1233 vide-

186 1266 234 1321 bat
253 1266 357 1321 horum
375 1273 584 1338 praeconceptas
604 1263 771 1337 opiniones,
790 1283 976 1339 magnamque
996 1282 1109 1322 morum
1128 1267 1226 1324 diver-

186 1357 304 1414 sitatem.
319 1359 419 1412 Monet
435 1356 529 1430 itaque
542 1356 573 1411 in
590 1355 754 1430 prelatione
767 1375 829 1427 eos,
842 1357 891 1430 qui
905 1357 978 1412 nihil
992 1367 1098 1413 rectum
1111 1370 1226 1433 putant,

186 1450 241 1506 nisi
264 1450 342 1524 quod
367 1449 493 1522 ipsorum
516 1448 643 1504 moribus
669 1448 817 1518 convenit,
842 1458 872 1503 ut
895 1448 1020 1518 discant,
1042 1467 1111 1504 non·
1128 1451 1227 1507 eadem

187 1541 318 1598 omnibus
338 1559 397 1597 esse
415 1540 533 1596 honesta
552 1552 635 1614 atque
651 1539 757 1612 turpia,
775 1550 803 1595 et
820 1541 940 1596 illustrat
958 1540 1031 1595 hanc
1049 1533 1225 1598 admonitio-

187 1653 251 1690 nem
265 1633 350 1690 variis
363 1620 431 1688 scite
442 1632 557 1688 delectis
569 1630 712 1705 exemplis.
727 1633 813 1688 Recte
827 1632 903 1688 enim
914 1629 1058 1704 judicabat
1067 1634 1227 1704 Cornelius,

186 1726 358 1799 praecipuum
378 1743 437 1780 esse
453 1723 606 1799 biographi
623 1721 763 1794 officium,
782 1743 893 1780 servare
911 1742 1003 1780 mores
1021 1743 1133 1797 eorum,
1150 1746 1226 1801 quo-
1260 1777 1268 1801 ,

186 1799 249 1871 rum
268 1816 356 1871 vitam
375 1815 534 1871 describere
552 1814 681 1870 instituit.

189 1944 192 1952 ι
225 1909 291 1976 Quo
311 1918 447 1980 apparatu
463 1905 614 1962 instructus
633 1907 670 1963 ad
683 1907 739 1962 hoc
758 1927 828 1981 opus
848 1926 877 1963 se
894 1908 1062 1982 accinxerit,
1074 1911 1106 1967 in
1122 1911 1226 1985 praela-

187 1999 265 2054 tione
279 2001 420 2055 lectorem
429 2015 490 2055 non
503 1999 595 2055 docet.
613 2000 636 2054 Ε
651 1999 761 2071 paucis,
776 2018 837 2072 quae
849 1999 955 2072 inipso
973 2001 1049 2057 libro
1063 2013 1228 2076 occmrunt,

185 2092 368 2148 citationibus
393 2100 486 2165 patet,
511 2091 548 2147 ad
572 2109 671 2146 manus
696 2090 780 2146 fuisse
805 2091 938 2147 Cornelio
965 2094 995 2147 in
1022 2096 1106 2151 rebus
1131 2099 1227 2170 grecis

133 2176 138 2183 ’
187 2184 392 2256 cognoscendis
404 2182 614 2257 Thucydidem,
632 2183 850 2257 Theopompum
874 2195 903 2239 et
928 2184 1076 2257 Timaeum,
1094 2188 1125 2242 in
1143 2189 1227 2244 rebus

187 2276 279 2331 siculis
292 2275 457 2345 Philistum,
476 2275 507 2330 in
526 2274 642 2351 persicis
659 2275 815 2345 Dinonem,
844 2275 874 2331 in
892 2277 1017 2332 romanis
1038 2289 1140 2351 praeter
1157 2280 1227 2335 alios

186 2368 347 2442 Polybium,
366 2379 397 2422 ut
419 2368 497 2423 etin
515 2368 574 2423 vita
587 2367 765 2424 ‘Hannibalis
787 2368 913 2423 Silenum
939 2379 967 2423 et
986 2370 1116 2425 Sosilum.
1136 2373 1227 2426 Hero-

186 2462 268 2515 dotus
298 2461 480 2518 desideratur.
506 2463 627 2535 Egomet
652 2461 724 2516 vitas
750 2461 877 2534 priorum
900 2470 1019 2534 quatuor
1037 2463 1068 2517 in
1095 2459 1227 2520 Cornelio

186 2551 389 2626 imperatorum
417 2564 522 2610 attente
548 2541 670 2628 legens,
699 2572 800 2627 easque
828 2571 995 2627 comparans
1021 2573 1084 2609 cum
1111 2555 1228 2613 historia

186 2646 342 2715 Herodoti,
365 2645 427 2701 non
452 2665 567 2721 possum
592 2666 653 2702 non
679 2645 747 2720 quin
771 2644 908 2730 judicem,
934 2646 1075 2702 Herodoti
1101 2665 1172 2720 opus
1197 2648 1227 2703 in

186 2739 312 2795 Cornelii
324 2750 506 2813 conspectum
523 2757 584 2794 non
602 2740 720 2794 venisse.
734 2741 792 2794 Nec
810 2737 840 2792 id
859 2737 970 2814 mirum.
988 2741 1023 2793 In
1040 2747 1118 2793 tanta
1137 2739 1228 2794 libro·

185 2850 248 2886 rum
271 2850 425 2906 graecorum
443 2831 541 2904 copia,
560 2850 680 2905 quorum
700 2831 749 2885 vix
766 2829 897 2886 vicesima
916 2849 981 2903 pars
1000 2840 1160 2904 temporum
1181 2831 1228 2886 in-

185 2923 287 2995 iuriam
311 2925 424 2999 effugit,
445 2945 506 2981 non
525 2925 622 2980 omnia
642 2944 703 2998 quae
727 2923 763 2978 ad
782 2943 843 2980 rem
859 2924 1057 2996 pertinebant,
1074 2925 1228 2998 prasertim

187 3016 360 3090 antiquiora,
376 3018 413 3073 ad
430 3037 529 3073 manus
545 3037 604 3074 esse
621 3026 754 3090 poterant
769 3015 901 3088 scriptori
920 3015 950 3070 in
970 3014 1030 3091 ipsa
1050 3016 1157 3072 Graecia
1176 3017 1228 3073 de-

188 3107 281 3181 genti,
303 3109 408 3163 nednm
425 3108 537 3164 bomini
555 3109 633 3164 italo.
654 3111 756 3162 Praeter
774 3107 986 3181 Thucydidem,
1006 3127 1063 3181 quo
1082 3110 1228 3165 Cornelius
1299 3137 1302 3142 >

188 3200 308 3256 maxime
327 3219 391 3255 usus
414 3201 540 3271 videtur,
559 3202 598 3256 ita
624 3211 654 3254 ut
677 3199 735 3271 ejus
754 3200 842 3254 verba
860 3218 1065 3274 nonnunquam
1083 3220 1178 3274 presse
1195 3195 1243 3256 in¹

187 3311 346 3348 sermonem
366 3292 485 3347 latinum
512 3293 643 3361 verterit,
663 3302 789 3347 auctores
811 3310 908 3347 omnes
926 3292 1027 3365 reliqui
1047 3294 1083 3349 ab
1104 3313 1138 3350 eo
1157 3295 1228 3350 alle-

188 3384 247 3458 gati
265 3384 419 3459 perierunt.
440 3386 471 3440 Si
490 3395 684 3459 superessent,
703 3394 844 3439 constaret
861 3384 958 3452 nobis,
977 3403 1032 3457 qua
1052 3382 1109 3440 fide
1127 3396 1155 3441 et
1172 3404 1228 3459 quo

188 3479 297 3534 delectu
310 3479 403 3538 fontes
422 3478 531 3533 adierit.
545 3480 639 3547 Quum
656 3495 726 3533 vero
745 3476 851 3531 dudum
863 3476 1011 3531 hominum
1030 3459 1127 3532 oculos
1146 3477 1228 3552 luge-

186 3571 262 3637 rint,
275 3589 310 3625 eo
329 3569 431 3642 majori
450 3570 480 3626 in
498 3570 591 3643 pretio
609 3563 757 3624 habendus
773 3567 857 3622 uobis
875 3578 917 3623 est
929 3568 1090 3638 Cornelius,
1109 3569 1155 3624 cui
1172 3569 1229 3642 jam

187 3662 310 3717 historiae
335 3681 429 3737 graecae
454 3661 605 3736 particulas
624 3661 758 3734 quasdam
780 3679 841 3714 non
865 3661 1054 3733 aspernandas
1077 3661 1158 3717 unice
1176 3662 1229 3718 de-

187 3756 293 3811 bemus.
360 3795 364 3798 -

226 3851 366 3904 lecturam
387 3848 463 3904 haud
476 3849 568 3903 levem
587 3847 734 3905 existimo.
751 3858 862 3922 partem
875 3846 1038 3902 Corneliani
1051 3845 1145 3918 operis
1161 3847 1230 3900 alte·

187 3959 246 3996 ram
278 3941 314 3996 de
340 3940 542 3996 excellentibus
569 3941 645 3995 inter
670 3942 815 3995 Romanos
842 3937 1060 4014 imperatoribus
1084 3937 1143 4009 jam
1168 3955 1229 3992 non

186 4033 293 4088 haberi.
315 4034 477 4088 Plutarchus
501 4021 615 4101 fatetur,
635 4051 664 4087 se
689 4032 718 4086 in
742 4032 807 4087 vitis
826 4032 969 4101 Marcelli,
989 4030 1178 4086 Gracchorum
1201 4040 1229 4085 et

187 4126 295 4181 Luculli
308 4125 520 4181 conscribendis
539 4127 676 4198 Nepotem
694 4125 842 4180 evolvisse.
861 4127 930 4195 Qua
948 4123 1001 4179 alia
1017 4124 1134 4179 nomina
1148 4123 1225 4179 illus·
1282 4142 1286 4150 ·
