<?xml version="1.0" encoding="UTF-8"?>
<!DOCTYPE html PUBLIC "-//W3C//DTD XHTML 1.0 Transitional//EN"
    "http://www.w3.org/TR/xhtml1/DTD/xhtml1-transitional.dtd">
<html xmlns="http://www.w3.org/1999/xhtml" xml:lang="en" lang="en">
 <head>
  <title>
</title>
<meta http-equiv="Content-Type" content="text/html;charset=utf-8" />
  <meta name='ocr-system' content='tesseract 3.04.00' />
  <meta name='ocr-capabilities' content='ocr_page ocr_carea ocr_par ocr_line ocrx_word'/>
</head>
<body>
  <div class='ocr_page' id='page_1' title='image "./corneliinepotio00nepogoog_0119.png"; bbox 0 0 3168 5048; ppageno 0'>
   <div class='ocr_carea' id='block_1_1' title="bbox 361 479 1475 4143">
    <p class='ocr_par' dir='ltr' id='par_1_1' title="bbox 366 479 1049 556">
     <span class='ocr_line' id='line_1_1' title="bbox 366 479 1049 556; baseline 0 -18"><span class='ocrx_word' id='word_1_1' title='bbox 366 483 404 556; x_wconf 80' lang='lat'>98</span> <span class='ocrx_word' id='word_1_2' title='bbox 700 479 875 540; x_wconf 73' lang='lat' dir='ltr'>CORNELII</span> <span class='ocrx_word' id='word_1_3' title='bbox 896 483 1049 539; x_wconf 84' lang='lat' dir='ltr'>NEPOTIS</span> 
     </span>
    </p>

    <p class='ocr_par' dir='ltr' id='par_1_2' title="bbox 361 609 1392 2596">
     <span class='ocr_line' id='line_1_2' title="bbox 365 609 1389 705; baseline -0.001 -25"><span class='ocrx_word' id='word_1_4' title='bbox 365 612 534 680; x_wconf 86' lang='lat' dir='ltr'>concmrit</span> <span class='ocrx_word' id='word_1_5' title='bbox 550 612 618 704; x_wconf 82' lang='lat' dir='ltr'>ipse</span> <span class='ocrx_word' id='word_1_6' title='bbox 632 613 804 680; x_wconf 84' lang='lat' dir='ltr'><strong>Eumenes.</strong></span> <span class='ocrx_word' id='word_1_7' title='bbox 821 613 888 699; x_wconf 90' lang='lat' dir='ltr'>Qui</span> <span class='ocrx_word' id='word_1_8' title='bbox 904 609 1006 704; x_wconf 84' lang='lat' dir='ltr'>quum</span> <span class='ocrx_word' id='word_1_9' title='bbox 1022 613 1108 680; x_wconf 84' lang='lat' dir='ltr'>inter</span> <span class='ocrx_word' id='word_1_10' title='bbox 1119 609 1338 705; x_wconf 82' lang='lat' dir='ltr'>secomplexi‚</span> <span class='ocrx_word' id='word_1_11' title='bbox 1354 612 1389 679; x_wconf 90' lang='lat' dir='ltr'>in</span> 
     </span>
     <span class='ocr_line' id='line_1_3' title="bbox 366 727 1389 823; baseline 0.002 -25"><span class='ocrx_word' id='word_1_12' title='bbox 366 744 488 798; x_wconf 90' lang='lat' dir='ltr'>terram</span> <span class='ocrx_word' id='word_1_13' title='bbox 510 755 551 799; x_wconf 82' lang='lat' dir='ltr'>ex</span> <span class='ocrx_word' id='word_1_14' title='bbox 573 730 666 822; x_wconf 89' lang='lat' dir='ltr'>equis</span> <span class='ocrx_word' id='word_1_15' title='bbox 689 729 900 814; x_wconf 78' lang='lat' dir='ltr'>decidissent,</span> <span class='ocrx_word' id='word_1_16' title='bbox 928 743 966 798; x_wconf 90' lang='lat' dir='ltr'>ut</span> <span class='ocrx_word' id='word_1_17' title='bbox 988 729 1081 797; x_wconf 86' lang='lat' dir='ltr'>facile</span> <span class='ocrx_word' id='word_1_18' title='bbox 1103 727 1241 823; x_wconf 83' lang='lat' dir='ltr'>intelligi</span> <span class='ocrx_word' id='word_1_19' title='bbox 1264 745 1389 822; x_wconf 90' lang='lat' dir='ltr'>posset,</span> 
     </span>
     <span class='ocr_line' id='line_1_4' title="bbox 365 846 1390 940; baseline 0 -26"><span class='ocrx_word' id='word_1_20' title='bbox 365 848 499 916; x_wconf 89' lang='lat' dir='ltr'>inimica</span> <span class='ocrx_word' id='word_1_21' title='bbox 523 861 632 916; x_wconf 89' lang='lat' dir='ltr'>mente</span> <span class='ocrx_word' id='word_1_22' title='bbox 654 847 875 933; x_wconf 80' lang='lat' dir='ltr'>contendisse,</span> <span class='ocrx_word' id='word_1_23' title='bbox 895 849 1071 938; x_wconf 90' lang='lat' dir='ltr'>animoque</span> <span class='ocrx_word' id='word_1_24' title='bbox 1090 849 1192 940; x_wconf 87' lang='lat' dir='ltr'>magis</span> <span class='ocrx_word' id='word_1_25' title='bbox 1211 846 1309 915; x_wconf 90' lang='lat' dir='ltr'>etiam</span> <span class='ocrx_word' id='word_1_26' title='bbox 1327 871 1390 940; x_wconf 89' lang='lat' dir='ltr'>pu-</span> 
     </span>
     <span class='ocr_line' id='line_1_5' title="bbox 365 965 1387 1060; baseline -0.001 -26"><span class='ocrx_word' id='word_1_27' title='bbox 365 991 497 1060; x_wconf 90' lang='lat' dir='ltr'>gnasse,</span> <span class='ocrx_word' id='word_1_28' title='bbox 512 991 610 1059; x_wconf 91' lang='lat' dir='ltr'>quam</span> <span class='ocrx_word' id='word_1_29' title='bbox 629 989 786 1058; x_wconf 88' lang='lat' dir='ltr'>corpore;</span> <span class='ocrx_word' id='word_1_30' title='bbox 806 989 873 1033; x_wconf 91' lang='lat' dir='ltr'>nou</span> <span class='ocrx_word' id='word_1_31' title='bbox 893 966 984 1057; x_wconf 90' lang='lat' dir='ltr'>prius</span> <span class='ocrx_word' id='word_1_32' title='bbox 1011 965 1159 1051; x_wconf 74' lang='lat' dir='ltr'>distracti</span> <span class='ocrx_word' id='word_1_33' title='bbox 1179 979 1271 1051; x_wconf 90' lang='lat' dir='ltr'>suut,</span> <span class='ocrx_word' id='word_1_34' title='bbox 1289 990 1387 1058; x_wconf 87' lang='lat' dir='ltr'>quarn</span> 
     </span>
     <span class='ocr_line' id='line_1_6' title="bbox 364 1081 1390 1177; baseline -0.001 -25"><span class='ocrx_word' id='word_1_35' title='bbox 364 1083 504 1152; x_wconf 84' lang='lat' dir='ltr'>alterum</span> <span class='ocrx_word' id='word_1_36' title='bbox 519 1084 628 1151; x_wconf 88' lang='lat' dir='ltr'>anima</span> <span class='ocrx_word' id='word_1_37' title='bbox 644 1081 822 1175; x_wconf 85' lang='lat' dir='ltr'>reliquerit.</span> <span class='ocrx_word' id='word_1_38' title='bbox 840 1083 890 1151; x_wconf 91' lang='lat' dir='ltr'>Ab</span> <span class='ocrx_word' id='word_1_39' title='bbox 913 1083 976 1150; x_wconf 92' lang='lat' dir='ltr'>boc</span> <span class='ocrx_word' id='word_1_40' title='bbox 998 1082 1124 1175; x_wconf 84' lang='lat' dir='ltr'>aliquot</span> <span class='ocrx_word' id='word_1_41' title='bbox 1148 1082 1252 1177; x_wconf 92' lang='lat' dir='ltr'>plagis</span> <span class='ocrx_word' id='word_1_42' title='bbox 1268 1087 1390 1153; x_wconf 88' lang='lat' dir='ltr'>Eume·</span> 
     </span>
     <span class='ocr_line' id='line_1_7' title="bbox 363 1199 1390 1294; baseline 0 -24"><span class='ocrx_word' id='word_1_43' title='bbox 363 1227 422 1272; x_wconf 85' lang='lat' dir='ltr'>nes</span> <span class='ocrx_word' id='word_1_44' title='bbox 439 1201 646 1287; x_wconf 84' lang='lat' dir='ltr'>vulneratur,</span> <span class='ocrx_word' id='word_1_45' title='bbox 662 1225 768 1293; x_wconf 86' lang='lat' dir='ltr'>neque</span> <span class='ocrx_word' id='word_1_46' title='bbox 787 1225 828 1268; x_wconf 86' lang='lat' dir='ltr'>eo</span> <span class='ocrx_word' id='word_1_47' title='bbox 845 1202 949 1294; x_wconf 89' lang='lat' dir='ltr'>magis</span> <span class='ocrx_word' id='word_1_48' title='bbox 964 1225 1005 1268; x_wconf 83' lang='lat' dir='ltr'>ex</span> <span class='ocrx_word' id='word_1_49' title='bbox 1024 1199 1139 1293; x_wconf 86' lang='lat' dir='ltr'>proelio</span> <span class='ocrx_word' id='word_1_50' title='bbox 1158 1204 1310 1288; x_wconf 86' lang='lat' dir='ltr'>excessit,</span> <span class='ocrx_word' id='word_1_51' title='bbox 1333 1203 1390 1272; x_wconf 88' lang='lat' dir='ltr'>sed</span> 
     </span>
     <span class='ocr_line' id='line_1_8' title="bbox 363 1317 1389 1413; baseline 0.001 -25"><span class='ocrx_word' id='word_1_52' title='bbox 363 1321 472 1389; x_wconf 86' lang='lat' dir='ltr'>acrius</span> <span class='ocrx_word' id='word_1_53' title='bbox 488 1321 592 1388; x_wconf 88' lang='lat' dir='ltr'>bostis</span> <span class='ocrx_word' id='word_1_54' title='bbox 607 1320 736 1386; x_wconf 90' lang='lat' dir='ltr'>institit.</span> <span class='ocrx_word' id='word_1_55' title='bbox 752 1319 815 1386; x_wconf 87' lang='lat' dir='ltr'>Hic</span> <span class='ocrx_word' id='word_1_56' title='bbox 826 1319 991 1410; x_wconf 89' lang='lat' dir='ltr'>equitibus</span> <span class='ocrx_word' id='word_1_57' title='bbox 1003 1317 1200 1413; x_wconf 89' lang='lat' dir='ltr'>profligatis,</span> <span class='ocrx_word' id='word_1_58' title='bbox 1215 1319 1389 1403; x_wconf 85' lang='lat' dir='ltr'>interfecto</span> 
     </span>
     <span class='ocr_line' id='line_1_9' title="bbox 363 1434 1392 1534; baseline 0.003 -29"><span class='ocrx_word' id='word_1_59' title='bbox 363 1437 446 1505; x_wconf 90' lang='lat' dir='ltr'>duce</span> <span class='ocrx_word' id='word_1_60' title='bbox 458 1438 613 1523; x_wconf 91' lang='lat' dir='ltr'>Cratero,</span> <span class='ocrx_word' id='word_1_61' title='bbox 632 1435 743 1504; x_wconf 88' lang='lat' dir='ltr'>multis</span> <span class='ocrx_word' id='word_1_62' title='bbox 758 1449 915 1529; x_wconf 75' lang='lat' dir='ltr'>praeterea</span> <span class='ocrx_word' id='word_1_63' title='bbox 930 1450 964 1504; x_wconf 89' lang='lat' dir='ltr'>et</span> <span class='ocrx_word' id='word_1_64' title='bbox 983 1436 1124 1504; x_wconf 84' lang='lat' dir='ltr'>maxime</span> <span class='ocrx_word' id='word_1_65' title='bbox 1138 1434 1302 1507; x_wconf 93' lang='lat' dir='ltr'>nobilibus</span> <span class='ocrx_word' id='word_1_66' title='bbox 1317 1463 1392 1534; x_wconf 89' lang='lat' dir='ltr'>cap-</span> 
     </span>
     <span class='ocr_line' id='line_1_10' title="bbox 363 1551 1391 1647; baseline 0.003 -24"><span class='ocrx_word' id='word_1_67' title='bbox 363 1556 418 1643; x_wconf 88' lang='lat' dir='ltr'>tis,</span> <span class='ocrx_word' id='word_1_68' title='bbox 433 1551 582 1647; x_wconf 78' lang='lat' dir='ltr'>pedester</span> <span class='ocrx_word' id='word_1_69' title='bbox 597 1555 769 1641; x_wconf 87' lang='lat' dir='ltr'>exercitus,</span> <span class='ocrx_word' id='word_1_70' title='bbox 787 1553 883 1646; x_wconf 27' lang='lat' dir='ltr'>quod,</span> <span class='ocrx_word' id='word_1_71' title='bbox 892 1555 927 1621; x_wconf 94' lang='lat' dir='ltr'>in</span> <span class='ocrx_word' id='word_1_72' title='bbox 940 1576 978 1624; x_wconf 87' lang='lat' dir='ltr'>ea</span> <span class='ocrx_word' id='word_1_73' title='bbox 996 1553 1067 1622; x_wconf 90' lang='lat' dir='ltr'>loca</span> <span class='ocrx_word' id='word_1_74' title='bbox 1082 1569 1153 1624; x_wconf 91' lang='lat' dir='ltr'>erat</span> <span class='ocrx_word' id='word_1_75' title='bbox 1165 1555 1339 1644; x_wconf 90' lang='lat' dir='ltr'>deductus,</span> <span class='ocrx_word' id='word_1_76' title='bbox 1352 1572 1391 1626; x_wconf 92' lang='lat' dir='ltr'>ut</span> 
     </span>
     <span class='ocr_line' id='line_1_11' title="bbox 362 1671 1387 1768; baseline 0.003 -27"><span class='ocrx_word' id='word_1_77' title='bbox 362 1675 467 1741; x_wconf 86' lang='lat' dir='ltr'>invito</span> <span class='ocrx_word' id='word_1_78' title='bbox 492 1676 639 1742; x_wconf 86' lang='lat' dir='ltr'>Eumene</span> <span class='ocrx_word' id='word_1_79' title='bbox 664 1671 748 1740; x_wconf 90' lang='lat' dir='ltr'>elabi</span> <span class='ocrx_word' id='word_1_80' title='bbox 771 1697 838 1740; x_wconf 90' lang='lat' dir='ltr'>non</span> <span class='ocrx_word' id='word_1_81' title='bbox 862 1687 985 1764; x_wconf 88' lang='lat' dir='ltr'>posset,</span> <span class='ocrx_word' id='word_1_82' title='bbox 1008 1697 1122 1766; x_wconf 88' lang='lat' dir='ltr'>pacem</span> <span class='ocrx_word' id='word_1_83' title='bbox 1151 1673 1191 1742; x_wconf 89' lang='lat' dir='ltr'>ab</span> <span class='ocrx_word' id='word_1_84' title='bbox 1212 1699 1252 1742; x_wconf 84' lang='lat' dir='ltr'>eo</span> <span class='ocrx_word' id='word_1_85' title='bbox 1274 1676 1387 1768; x_wconf 88' lang='lat' dir='ltr'>petiit:</span> 
     </span>
     <span class='ocr_line' id='line_1_12' title="bbox 361 1790 1389 1885; baseline 0.006 -27"><span class='ocrx_word' id='word_1_86' title='bbox 361 1815 461 1885; x_wconf 85' lang='lat' dir='ltr'>quam</span> <span class='ocrx_word' id='word_1_87' title='bbox 474 1815 576 1882; x_wconf 88' lang='lat' dir='ltr'>quum</span> <span class='ocrx_word' id='word_1_88' title='bbox 595 1792 812 1884; x_wconf 86' lang='lat' dir='ltr'>impetrasset,</span> <span class='ocrx_word' id='word_1_89' title='bbox 826 1791 860 1858; x_wconf 93' lang='lat' dir='ltr'>in</span> <span class='ocrx_word' id='word_1_90' title='bbox 874 1790 938 1859; x_wconf 88' lang='lat' dir='ltr'>lide</span> <span class='ocrx_word' id='word_1_91' title='bbox 953 1815 1020 1859; x_wconf 91' lang='lat' dir='ltr'>uon</span> <span class='ocrx_word' id='word_1_92' title='bbox 1036 1793 1170 1880; x_wconf 84' lang='lat' dir='ltr'>mansit,</span> <span class='ocrx_word' id='word_1_93' title='bbox 1186 1807 1278 1878; x_wconf 91' lang='lat' dir='ltr'>etse,</span> <span class='ocrx_word' id='word_1_94' title='bbox 1291 1793 1389 1864; x_wconf 82' lang='lat' dir='ltr'>&#39;simul</span> 
     </span>
     <span class='ocr_line' id='line_1_13' title="bbox 361 1908 1390 2003; baseline 0.003 -25"><span class='ocrx_word' id='word_1_95' title='bbox 361 1933 399 1978; x_wconf 82' lang='lat' dir='ltr'>ac</span> <span class='ocrx_word' id='word_1_96' title='bbox 416 1911 539 2003; x_wconf 91' lang='lat' dir='ltr'>potuit,</span> <span class='ocrx_word' id='word_1_97' title='bbox 558 1908 600 1976; x_wconf 92' lang='lat' dir='ltr'>ad</span> <span class='ocrx_word' id='word_1_98' title='bbox 624 1910 835 2001; x_wconf 83' lang='lat' dir='ltr'>Antipatrum</span> <span class='ocrx_word' id='word_1_99' title='bbox 853 1909 986 2003; x_wconf 88' lang='lat' dir='ltr'>recepit.</span> <span class='ocrx_word' id='word_1_100' title='bbox 1006 1913 1169 1980; x_wconf 90' lang='lat' dir='ltr'>Eumenes</span> <span class='ocrx_word' id='word_1_101' title='bbox 1194 1913 1390 2002; x_wconf 83' lang='lat' dir='ltr'>Craterum,</span> 
     </span>
     <span class='ocr_line' id='line_1_14' title="bbox 362 2026 1390 2120; baseline 0.003 -24"><span class='ocrx_word' id='word_1_102' title='bbox 362 2052 402 2096; x_wconf 85' lang='lat' dir='ltr'>ex</span> <span class='ocrx_word' id='word_1_103' title='bbox 421 2028 491 2094; x_wconf 90' lang='lat' dir='ltr'>acie</span> <span class='ocrx_word' id='word_1_104' title='bbox 508 2026 731 2095; x_wconf 83' lang='lat' dir='ltr'>semianimem</span> <span class='ocrx_word' id='word_1_105' title='bbox 746 2027 884 2114; x_wconf 87' lang='lat' dir='ltr'>elatum,</span> <span class='ocrx_word' id='word_1_106' title='bbox 903 2049 1051 2096; x_wconf 85' lang='lat' dir='ltr'>recreare</span> <span class='ocrx_word' id='word_1_107' title='bbox 1067 2029 1203 2097; x_wconf 87' lang='lat' dir='ltr'>studuit.</span> <span class='ocrx_word' id='word_1_108' title='bbox 1223 2033 1338 2120; x_wconf 91' lang='lat' dir='ltr'>Quum</span> <span class='ocrx_word' id='word_1_109' title='bbox 1354 2031 1390 2099; x_wconf 90' lang='lat' dir='ltr'>id</span> 
     </span>
     <span class='ocr_line' id='line_1_15' title="bbox 362 2145 1391 2242; baseline 0.004 -28"><span class='ocrx_word' id='word_1_110' title='bbox 362 2170 429 2214; x_wconf 90' lang='lat' dir='ltr'>non</span> <span class='ocrx_word' id='word_1_111' title='bbox 445 2161 569 2237; x_wconf 87' lang='lat' dir='ltr'>posset,</span> <span class='ocrx_word' id='word_1_112' title='bbox 586 2170 646 2239; x_wconf 90' lang='lat' dir='ltr'>pro</span> <span class='ocrx_word' id='word_1_113' title='bbox 662 2145 981 2242; x_wconf 86' lang='lat' dir='ltr'>bominisdignitate,</span> <span class='ocrx_word' id='word_1_114' title='bbox 989 2171 1115 2241; x_wconf 90' lang='lat' dir='ltr'>proque</span> <span class='ocrx_word' id='word_1_115' title='bbox 1123 2149 1262 2240; x_wconf 90' lang='lat' dir='ltr'>pristina</span> <span class='ocrx_word' id='word_1_116' title='bbox 1276 2151 1391 2220; x_wconf 88' lang='lat' dir='ltr'>amici-</span> 
     </span>
     <span class='ocr_line' id='line_1_16' title="bbox 362 2263 1390 2360; baseline 0.008 -28"><span class='ocrx_word' id='word_1_117' title='bbox 362 2267 408 2333; x_wconf 91' lang='lat' dir='ltr'>tia</span> <span class='ocrx_word' id='word_1_118' title='bbox 430 2266 590 2360; x_wconf 87' lang='lat' dir='ltr'>(namque</span> <span class='ocrx_word' id='word_1_119' title='bbox 611 2263 668 2332; x_wconf 93' lang='lat' dir='ltr'>illo</span> <span class='ocrx_word' id='word_1_120' title='bbox 693 2289 770 2334; x_wconf 89' lang='lat' dir='ltr'>usus</span> <span class='ocrx_word' id='word_1_121' title='bbox 792 2281 877 2347; x_wconf 88' lang='lat' dir='ltr'>erat,</span> <span class='ocrx_word' id='word_1_122' title='bbox 897 2265 1082 2335; x_wconf 84' lang='lat' dir='ltr'>Alexandro</span> <span class='ocrx_word' id='word_1_123' title='bbox 1105 2269 1196 2353; x_wconf 86' lang='lat' dir='ltr'>vivo,</span> <span class='ocrx_word' id='word_1_124' title='bbox 1220 2267 1390 2340; x_wconf 76' lang='lat' dir='ltr'>familiari·</span> 
     </span>
     <span class='ocr_line' id='line_1_17' title="bbox 363 2363 1389 2476; baseline 0.008 -25"><span class='ocrx_word' id='word_1_125' title='bbox 363 2382 446 2476; x_wconf 87' lang='lat' dir='ltr'>ter),</span> <span class='ocrx_word' id='word_1_126' title='bbox 456 2382 567 2475; x_wconf 89' lang='lat' dir='ltr'>amplo</span> <span class='ocrx_word' id='word_1_127' title='bbox 579 2383 693 2451; x_wconf 85' lang='lat' dir='ltr'>limare</span> <span class='ocrx_word' id='word_1_128' title='bbox 704 2382 835 2469; x_wconf 80' lang='lat' dir='ltr'>extulit,</span> <span class='ocrx_word' id='word_1_129' title='bbox 852 2407 989 2476; x_wconf 89' lang='lat' dir='ltr'>ossaque</span> <span class='ocrx_word' id='word_1_130' title='bbox 1003 2385 1037 2452; x_wconf 88' lang='lat' dir='ltr'>in</span> <span class='ocrx_word' id='word_1_131' title='bbox 1051 2386 1280 2457; x_wconf 88' lang='lat' dir='ltr'>Macedoniam</span> <span class='ocrx_word' id='word_1_132' title='bbox 1293 2363 1389 2459; x_wconf 82' lang='lat' dir='ltr'>uxori</span> 
     </span>
     <span class='ocr_line' id='line_1_18' title="bbox 362 2500 801 2596; baseline 0 -26"><span class='ocrx_word' id='word_1_133' title='bbox 362 2503 432 2596; x_wconf 89' lang='lat' dir='ltr'>ejus</span> <span class='ocrx_word' id='word_1_134' title='bbox 448 2527 487 2570; x_wconf 89' lang='lat' dir='ltr'>ac</span> <span class='ocrx_word' id='word_1_135' title='bbox 503 2500 614 2569; x_wconf 86' lang='lat' dir='ltr'>liberis</span> <span class='ocrx_word' id='word_1_136' title='bbox 629 2504 761 2570; x_wconf 84' lang='lat' dir='ltr'>remisit.</span> <span class='ocrx_word' id='word_1_137' title='bbox 799 2549 801 2556; x_wconf 70' lang='lat'>,</span> 
     </span>
    </p>

    <p class='ocr_par' dir='ltr' id='par_1_3' title="bbox 361 2619 1475 4143">
     <span class='ocr_line' id='line_1_19' title="bbox 409 2619 1390 2718; baseline 0.006 -28"><span class='ocrx_word' id='word_1_138' title='bbox 409 2623 452 2690; x_wconf 90' lang='lat' dir='ltr'>V.</span> <span class='ocrx_word' id='word_1_139' title='bbox 466 2623 544 2688; x_wconf 82' lang='lat' dir='ltr'>Haec</span> <span class='ocrx_word' id='word_1_140' title='bbox 558 2620 637 2688; x_wconf 92' lang='lat' dir='ltr'>dum</span> <span class='ocrx_word' id='word_1_141' title='bbox 651 2621 739 2713; x_wconf 91' lang='lat' dir='ltr'>apud</span> <span class='ocrx_word' id='word_1_142' title='bbox 757 2619 1006 2715; x_wconf 88' lang='lat' dir='ltr'>Hellespontum</span> <span class='ocrx_word' id='word_1_143' title='bbox 1025 2637 1201 2718; x_wconf 87' lang='lat' dir='ltr'>geruntur,</span> <span class='ocrx_word' id='word_1_144' title='bbox 1216 2625 1390 2698; x_wconf 87' lang='lat' dir='ltr'>Perdiccas</span> 
     </span>
     <span class='ocr_line' id='line_1_20' title="bbox 362 2737 1390 2840; baseline 0.009 -33"><span class='ocrx_word' id='word_1_145' title='bbox 362 2737 451 2831; x_wconf 87' lang='lat' dir='ltr'>apud</span> <span class='ocrx_word' id='word_1_146' title='bbox 470 2737 593 2806; x_wconf 84' lang='lat' dir='ltr'>flumen</span> <span class='ocrx_word' id='word_1_147' title='bbox 610 2737 725 2809; x_wconf 90' lang='lat' dir='ltr'>Nilum</span> <span class='ocrx_word' id='word_1_148' title='bbox 743 2739 940 2811; x_wconf 88' lang='lat' dir='ltr'>interficitur</span> <span class='ocrx_word' id='word_1_149' title='bbox 955 2767 974 2810; x_wconf 90' lang='lat' dir='ltr'>a</span> <span class='ocrx_word' id='word_1_150' title='bbox 992 2742 1127 2812; x_wconf 90' lang='lat' dir='ltr'>Seleuco</span> <span class='ocrx_word' id='word_1_151' title='bbox 1145 2758 1179 2812; x_wconf 89' lang='lat' dir='ltr'>et</span> <span class='ocrx_word' id='word_1_152' title='bbox 1197 2745 1390 2840; x_wconf 84' lang='lat' dir='ltr'>Antigono:</span> 
     </span>
     <span class='ocr_line' id='line_1_21' title="bbox 361 2855 1391 2958; baseline 0.011 -34"><span class='ocrx_word' id='word_1_153' title='bbox 361 2879 538 2948; x_wconf 90' lang='lat' dir='ltr'>rerumque</span> <span class='ocrx_word' id='word_1_154' title='bbox 556 2881 683 2927; x_wconf 88' lang='lat' dir='ltr'>summa</span> <span class='ocrx_word' id='word_1_155' title='bbox 704 2855 746 2925; x_wconf 92' lang='lat' dir='ltr'>ad</span> <span class='ocrx_word' id='word_1_156' title='bbox 761 2860 974 2952; x_wconf 90' lang='lat' dir='ltr'>Antipatrum</span> <span class='ocrx_word' id='word_1_157' title='bbox 991 2861 1147 2931; x_wconf 84' lang='lat' dir='ltr'>defertur.</span> <span class='ocrx_word' id='word_1_158' title='bbox 1163 2865 1243 2952; x_wconf 88' lang='lat' dir='ltr'>Hic,</span> <span class='ocrx_word' id='word_1_159' title='bbox 1259 2868 1316 2958; x_wconf 92' lang='lat' dir='ltr'>qui</span> <span class='ocrx_word' id='word_1_160' title='bbox 1334 2865 1391 2935; x_wconf 92' lang='lat' dir='ltr'>de-</span> 
     </span>
     <span class='ocr_line' id='line_1_22' title="bbox 362 2975 1390 3076; baseline 0.014 -34"><span class='ocrx_word' id='word_1_161' title='bbox 362 2987 545 3061; x_wconf 78' lang='lat' dir='ltr'>seruerant,</span> <span class='ocrx_word' id='word_1_162' title='bbox 570 2976 716 3045; x_wconf 78' lang='lat' dir='ltr'>exercitu</span> <span class='ocrx_word' id='word_1_163' title='bbox 733 2975 925 3072; x_wconf 79' lang='lat' dir='ltr'>suffragium</span> <span class='ocrx_word' id='word_1_164' title='bbox 943 2979 1082 3069; x_wconf 87' lang='lat' dir='ltr'>ferente,</span> <span class='ocrx_word' id='word_1_165' title='bbox 1102 2983 1219 3076; x_wconf 91' lang='lat' dir='ltr'>capitis</span> <span class='ocrx_word' id='word_1_166' title='bbox 1238 2985 1390 3056; x_wconf 86' lang='lat' dir='ltr'>absentes</span> 
     </span>
     <span class='ocr_line' id='line_1_23' title="bbox 365 3091 1390 3198; baseline 0.015 -39"><span class='ocrx_word' id='word_1_167' title='bbox 365 3091 618 3162; x_wconf 79' lang='lat' dir='ltr'>damnanturzin</span> <span class='ocrx_word' id='word_1_168' title='bbox 631 3094 681 3162; x_wconf 92' lang='lat' dir='ltr'>his</span> <span class='ocrx_word' id='word_1_169' title='bbox 696 3097 869 3166; x_wconf 86' lang='lat' dir='ltr'>Eumenes.</span> <span class='ocrx_word' id='word_1_170' title='bbox 881 3102 950 3167; x_wconf 86' lang='lat' dir='ltr'>Hac</span> <span class='ocrx_word' id='word_1_171' title='bbox 962 3097 1017 3168; x_wconf 90' lang='lat' dir='ltr'>ille</span> <span class='ocrx_word' id='word_1_172' title='bbox 1030 3100 1199 3194; x_wconf 90' lang='lat' dir='ltr'>perculsus</span> <span class='ocrx_word' id='word_1_173' title='bbox 1214 3097 1308 3198; x_wconf 83' lang='lat' dir='ltr'>plaga</span> <span class='ocrx_word' id='word_1_174' title='bbox 1321 3109 1390 3174; x_wconf 87' lang='lat' dir='ltr'>n&#39;on</span> 
     </span>
     <span class='ocr_line' id='line_1_24' title="bbox 363 3210 1389 3305; baseline 0.013 -25"><span class='ocrx_word' id='word_1_175' title='bbox 363 3210 555 3299; x_wconf 84' lang='lat' dir='ltr'>succubuit,</span> <span class='ocrx_word' id='word_1_176' title='bbox 572 3237 679 3305; x_wconf 90' lang='lat' dir='ltr'>neque</span> <span class='ocrx_word' id='word_1_177' title='bbox 703 3239 743 3282; x_wconf 91' lang='lat' dir='ltr'>eo</span> <span class='ocrx_word' id='word_1_178' title='bbox 769 3218 873 3286; x_wconf 80' lang='lat' dir='ltr'>secius</span> <span class='ocrx_word' id='word_1_179' title='bbox 896 3216 1024 3286; x_wconf 43' lang='lat' dir='ltr'>bellum*</span> <span class='ocrx_word' id='word_1_180' title='bbox 1042 3219 1293 3292; x_wconf 83' lang='lat' dir='ltr'>administravit.</span> <span class='ocrx_word' id='word_1_181' title='bbox 1323 3223 1389 3293; x_wconf 88' lang='lat' dir='ltr'>Sed</span> 
     </span>
     <span class='ocr_line' id='line_1_25' title="bbox 361 3329 1475 3440; baseline 0.013 -41"><span class='ocrx_word' id='word_1_182' title='bbox 361 3329 460 3413; x_wconf 82' lang='lat' dir='ltr'>exiles</span> <span class='ocrx_word' id='word_1_183' title='bbox 485 3355 538 3399; x_wconf 90' lang='lat' dir='ltr'>res</span> <span class='ocrx_word' id='word_1_184' title='bbox 566 3332 667 3400; x_wconf 88' lang='lat' dir='ltr'>animi</span> <span class='ocrx_word' id='word_1_185' title='bbox 694 3335 970 3428; x_wconf 84' lang='lat' dir='ltr'>magnitudinem,</span> <span class='ocrx_word' id='word_1_186' title='bbox 995 3340 1055 3406; x_wconf 89' lang='lat' dir='ltr'>etsi</span> <span class='ocrx_word' id='word_1_187' title='bbox 1084 3364 1151 3408; x_wconf 91' lang='lat' dir='ltr'>non</span> <span class='ocrx_word' id='word_1_188' title='bbox 1177 3339 1388 3440; x_wconf 78' lang='lat' dir='ltr'>frangebant,</span> <span class='ocrx_word' id='word_1_189' title='bbox 1469 3387 1475 3398; x_wconf 90' lang='lat'><strong>·</strong></span> 
     </span>
     <span class='ocr_line' id='line_1_26' title="bbox 361 3450 1384 3557; baseline 0.016 -40"><span class='ocrx_word' id='word_1_190' title='bbox 361 3462 472 3518; x_wconf 88' lang='lat' dir='ltr'>tamen</span> <span class='ocrx_word' id='word_1_191' title='bbox 484 3450 732 3519; x_wconf 86' lang='lat' dir='ltr'>imminuebant.</span> <span class='ocrx_word' id='word_1_192' title='bbox 748 3456 844 3521; x_wconf 88' lang='lat' dir='ltr'>Hunc</span> <span class='ocrx_word' id='word_1_193' title='bbox 857 3478 1052 3548; x_wconf 86' lang='lat' dir='ltr'>persequens</span> <span class='ocrx_word' id='word_1_194' title='bbox 1066 3460 1268 3554; x_wconf 82' lang='lat' dir='ltr'>Antigonus,</span> <span class='ocrx_word' id='word_1_195' title='bbox 1283 3481 1384 3557; x_wconf 90' lang='lat' dir='ltr'>quum</span> 
     </span>
     <span class='ocr_line' id='line_1_27' title="bbox 362 3568 1388 3670; baseline 0.018 -36"><span class='ocrx_word' id='word_1_196' title='bbox 362 3568 453 3634; x_wconf 91' lang='lat' dir='ltr'>omni</span> <span class='ocrx_word' id='word_1_197' title='bbox 477 3593 595 3662; x_wconf 89' lang='lat' dir='ltr'>genere</span> <span class='ocrx_word' id='word_1_198' title='bbox 622 3573 792 3662; x_wconf 87' lang='lat' dir='ltr'>copiarum</span> <span class='ocrx_word' id='word_1_199' title='bbox 821 3572 1022 3664; x_wconf 87' lang='lat' dir='ltr'>abundaret,</span> <span class='ocrx_word' id='word_1_200' title='bbox 1049 3601 1133 3670; x_wconf 87' lang='lat' dir='ltr'>saepe</span> <span class='ocrx_word' id='word_1_201' title='bbox 1156 3581 1191 3646; x_wconf 91' lang='lat' dir='ltr'>in</span> <span class='ocrx_word' id='word_1_202' title='bbox 1213 3581 1388 3652; x_wconf 86' lang='lat' dir='ltr'>itineribus</span> 
     </span>
     <span class='ocr_line' id='line_1_28' title="bbox 363 3685 1388 3789; baseline 0.018 -37"><span class='ocrx_word' id='word_1_203' title='bbox 363 3685 543 3755; x_wconf 79' lang='lat' dir='ltr'>vexabatur</span> <span class='ocrx_word' id='word_1_204' title='bbox 558 3713 566 3754; x_wconf 92' lang='lat'><strong>:</strong></span> <span class='ocrx_word' id='word_1_205' title='bbox 585 3712 692 3780; x_wconf 89' lang='lat' dir='ltr'>neque</span> <span class='ocrx_word' id='word_1_206' title='bbox 707 3713 852 3781; x_wconf 88' lang='lat' dir='ltr'>unquam</span> <span class='ocrx_word' id='word_1_207' title='bbox 872 3692 914 3759; x_wconf 87' lang='lat' dir='ltr'>ad</span> <span class='ocrx_word' id='word_1_208' title='bbox 927 3718 1061 3763; x_wconf 89' lang='lat' dir='ltr'>manum</span> <span class='ocrx_word' id='word_1_209' title='bbox 1077 3696 1232 3767; x_wconf 89' lang='lat' dir='ltr'>accedere</span> <span class='ocrx_word' id='word_1_210' title='bbox 1245 3699 1388 3789; x_wconf 87' lang='lat' dir='ltr'>licebat,</span> 
     </span>
     <span class='ocr_line' id='line_1_29' title="bbox 363 3803 1388 3903; baseline 0.017 -32"><span class='ocrx_word' id='word_1_211' title='bbox 363 3804 424 3872; x_wconf 85' lang='lat' dir='ltr'>uisi</span> <span class='ocrx_word' id='word_1_212' title='bbox 441 3805 491 3873; x_wconf 94' lang='lat' dir='ltr'>his</span> <span class='ocrx_word' id='word_1_213' title='bbox 504 3803 598 3892; x_wconf 87' lang='lat' dir='ltr'>locis,</span> <span class='ocrx_word' id='word_1_214' title='bbox 615 3806 735 3898; x_wconf 91' lang='lat' dir='ltr'>quibus</span> <span class='ocrx_word' id='word_1_215' title='bbox 752 3811 847 3899; x_wconf 89' lang='lat' dir='ltr'>pauci</span> <span class='ocrx_word' id='word_1_216' title='bbox 865 3827 996 3903; x_wconf 88' lang='lat' dir='ltr'>possent</span> <span class='ocrx_word' id='word_1_217' title='bbox 1013 3813 1126 3884; x_wconf 90' lang='lat' dir='ltr'>multis</span> <span class='ocrx_word' id='word_1_218' title='bbox 1144 3817 1304 3887; x_wconf 88' lang='lat' dir='ltr'>resistere.</span> <span class='ocrx_word' id='word_1_219' title='bbox 1323 3821 1388 3888; x_wconf 88' lang='lat' dir='ltr'>Sed</span> 
     </span>
     <span class='ocr_line' id='line_1_30' title="bbox 362 3929 1389 4030; baseline 0.018 -39"><span class='ocrx_word' id='word_1_220' title='bbox 362 3937 507 3994; x_wconf 81' lang='lat' dir='ltr'>extremo</span> <span class='ocrx_word' id='word_1_221' title='bbox 525 3939 687 4018; x_wconf 86' lang='lat' dir='ltr'>tempure,</span> <span class='ocrx_word' id='word_1_222' title='bbox 701 3949 804 4018; x_wconf 91' lang='lat' dir='ltr'>quum</span> <span class='ocrx_word' id='word_1_223' title='bbox 826 3929 963 4000; x_wconf 90' lang='lat' dir='ltr'>consilio</span> <span class='ocrx_word' id='word_1_224' title='bbox 978 3935 1054 4027; x_wconf 88' lang='lat' dir='ltr'>capi</span> <span class='ocrx_word' id='word_1_225' title='bbox 1072 3957 1139 4004; x_wconf 91' lang='lat' dir='ltr'>non</span> <span class='ocrx_word' id='word_1_226' title='bbox 1156 3953 1284 4030; x_wconf 88' lang='lat' dir='ltr'>posset,</span> <span class='ocrx_word' id='word_1_227' title='bbox 1305 3938 1389 4008; x_wconf 92' lang='lat' dir='ltr'>mul·</span> 
     </span>
     <span class='ocr_line' id='line_1_31' title="bbox 361 4040 1389 4143; baseline 0.019 -35"><span class='ocrx_word' id='word_1_228' title='bbox 361 4040 500 4112; x_wconf 88' lang='lat' dir='ltr'>titudine</span> <span class='ocrx_word' id='word_1_229' title='bbox 511 4043 755 4120; x_wconf 85' lang='lat' dir='ltr'>circumventus</span> <span class='ocrx_word' id='word_1_230' title='bbox 768 4061 826 4116; x_wconf 87' lang='lat' dir='ltr'>est.</span> <span class='ocrx_word' id='word_1_231' title='bbox 844 4049 930 4117; x_wconf 90' lang='lat' dir='ltr'>Hinc</span> <span class='ocrx_word' id='word_1_232' title='bbox 944 4064 1052 4121; x_wconf 91' lang='lat' dir='ltr'>tamen</span> <span class='ocrx_word' id='word_1_233' title='bbox 1062 4105 1072 4143; x_wconf 95' lang='lat'>,</span> <span class='ocrx_word' id='word_1_234' title='bbox 1082 4054 1196 4125; x_wconf 91' lang='lat' dir='ltr'>multis</span> <span class='ocrx_word' id='word_1_235' title='bbox 1211 4060 1278 4128; x_wconf 91' lang='lat' dir='ltr'>suis</span> <span class='ocrx_word' id='word_1_236' title='bbox 1292 4059 1389 4128; x_wconf 88' lang='lat' dir='ltr'>amis-</span> 
     </span>
    </p>
   </div>
   <div class='ocr_carea' id='block_1_2' title="bbox 0 0 1588 5048">
    <p class='ocr_par' dir='ltr' id='par_1_4' title="bbox 0 0 1588 5048">
     <span class='ocr_line' id='line_1_32' title="bbox 0 0 1588 5048; baseline 0 1"><span class='ocrx_word' id='word_1_237' title='bbox 0 0 1588 5048; x_wconf 95' lang='lat' dir='ltr'> </span> 
     </span>
    </p>
   </div>
  </div>
 </body>
</html>
