<?xml version="1.0" encoding="UTF-8"?>
<!DOCTYPE html PUBLIC "-//W3C//DTD XHTML 1.0 Transitional//EN"
    "http://www.w3.org/TR/xhtml1/DTD/xhtml1-transitional.dtd">
<html xmlns="http://www.w3.org/1999/xhtml" xml:lang="en" lang="en">
 <head>
  <title>
</title>
<meta http-equiv="Content-Type" content="text/html;charset=utf-8" />
  <meta name='ocr-system' content='tesseract 3.04.00' />
  <meta name='ocr-capabilities' content='ocr_page ocr_carea ocr_par ocr_line ocrx_word'/>
</head>
<body>
  <div class='ocr_page' id='page_1' title='image "./corneliinepotio00nepogoog_0120.png"; bbox 0 0 3168 5048; ppageno 0'>
   <div class='ocr_carea' id='block_1_1' title="bbox 170 495 1356 3918">
    <p class='ocr_par' dir='ltr' id='par_1_1' title="bbox 200 495 1230 3065">
     <span class='ocr_line' id='line_1_1' title="bbox 628 495 1228 577; baseline -0.01 -26"><span class='ocrx_word' id='word_1_1' title='bbox 628 495 812 551; x_wconf 77' lang='lat' dir='ltr'><strong>romnus.</strong></span> <span class='ocrx_word' id='word_1_2' title='bbox 1191 519 1228 577; x_wconf 78' lang='lat'><strong>9,</strong></span> 
     </span>
     <span class='ocr_line' id='line_1_2' title="bbox 206 593 1226 713; baseline 0.011 -33"><span class='ocrx_word' id='word_1_3' title='bbox 206 614 267 701; x_wconf 89' lang='lat' dir='ltr'><strong>sis,</strong></span> <span class='ocrx_word' id='word_1_4' title='bbox 288 638 322 682; x_wconf 89' lang='lat' dir='ltr'><strong>se</strong></span> <span class='ocrx_word' id='word_1_5' title='bbox 339 612 520 707; x_wconf 82' lang='lat' dir='ltr'>expedivit,</span> <span class='ocrx_word' id='word_1_6' title='bbox 543 633 576 685; x_wconf 91' lang='lat' dir='ltr'><strong>et</strong></span> <span class='ocrx_word' id='word_1_7' title='bbox 599 620 632 685; x_wconf 92' lang='lat' dir='ltr'><strong>in</strong></span> <span class='ocrx_word' id='word_1_8' title='bbox 656 593 825 687; x_wconf 88' lang='lat' dir='ltr'><strong>castellum</strong></span> <span class='ocrx_word' id='word_1_9' title='bbox 839 620 1004 713; x_wconf 82' lang='lat' dir='ltr'><strong>Pbrygiae,</strong></span> <span class='ocrx_word' id='word_1_10' title='bbox 1029 621 1117 713; x_wconf 90' lang='lat' dir='ltr'><strong>quod</strong></span> <span class='ocrx_word' id='word_1_11' title='bbox 1137 625 1226 691; x_wconf 87' lang='lat' dir='ltr'><strong>Nora</strong></span> 
     </span>
     <span class='ocr_line' id='line_1_3' title="bbox 209 734 1228 832; baseline 0.008 -30"><span class='ocrx_word' id='word_1_12' title='bbox 209 734 409 828; x_wconf 84' lang='lat' dir='ltr'><strong>appellatur,</strong></span> <span class='ocrx_word' id='word_1_13' title='bbox 428 737 585 832; x_wconf 85' lang='lat' dir='ltr'><strong>confugit.</strong></span> <span class='ocrx_word' id='word_1_14' title='bbox 602 741 641 806; x_wconf 91' lang='lat' dir='ltr'><strong>In</strong></span> <span class='ocrx_word' id='word_1_15' title='bbox 658 761 846 830; x_wconf 84' lang='lat' dir='ltr'><strong>quoquam</strong></span> <span class='ocrx_word' id='word_1_16' title='bbox 868 739 1174 829; x_wconf 70' lang='lat' dir='ltr'><strong>circumsederetur,</strong></span> <span class='ocrx_word' id='word_1_17' title='bbox 1197 757 1228 810; x_wconf 91' lang='lat' dir='ltr'><strong>et</strong></span> 
     </span>
     <span class='ocr_line' id='line_1_4' title="bbox 208 855 1227 950; baseline 0.008 -30"><span class='ocrx_word' id='word_1_18' title='bbox 208 867 394 940; x_wconf 84' lang='lat' dir='ltr'><strong>vereretur,</strong></span> <span class='ocrx_word' id='word_1_19' title='bbox 419 879 461 923; x_wconf 91' lang='lat' dir='ltr'><strong>ne</strong></span> <span class='ocrx_word' id='word_1_20' title='bbox 480 880 548 926; x_wconf 92' lang='lat' dir='ltr'><strong>uuo</strong></span> <span class='ocrx_word' id='word_1_21' title='bbox 568 855 640 924; x_wconf 89' lang='lat' dir='ltr'><strong>loco</strong></span> <span class='ocrx_word' id='word_1_22' title='bbox 659 881 794 925; x_wconf 87' lang='lat' dir='ltr'><strong>manens</strong></span> <span class='ocrx_word' id='word_1_23' title='bbox 817 881 918 949; x_wconf 90' lang='lat' dir='ltr'><strong>equos</strong></span> <span class='ocrx_word' id='word_1_24' title='bbox 938 856 1094 926; x_wconf 85' lang='lat' dir='ltr'><strong>militares</strong></span> <span class='ocrx_word' id='word_1_25' title='bbox 1112 859 1227 950; x_wconf 71' lang='lat' dir='ltr'><strong>perde-</strong></span> 
     </span>
     <span class='ocr_line' id='line_1_5' title="bbox 202 971 1227 1071; baseline 0.006 -31"><span class='ocrx_word' id='word_1_26' title='bbox 202 985 272 1059; x_wconf 89' lang='lat' dir='ltr'><strong>ret,</strong></span> <span class='ocrx_word' id='word_1_27' title='bbox 289 971 378 1064; x_wconf 92' lang='lat' dir='ltr'><strong>quod</strong></span> <span class='ocrx_word' id='word_1_28' title='bbox 395 971 536 1071; x_wconf 59' lang='lat' dir='ltr'><strong>spatiflm</strong></span> <span class='ocrx_word' id='word_1_29' title='bbox 552 999 618 1043; x_wconf 91' lang='lat' dir='ltr'><strong>non</strong></span> <span class='ocrx_word' id='word_1_30' title='bbox 632 989 715 1043; x_wconf 89' lang='lat' dir='ltr'><strong>esset</strong></span> <span class='ocrx_word' id='word_1_31' title='bbox 730 973 897 1068; x_wconf 79' lang='lat' dir='ltr'><strong>agitandi3</strong></span> <span class='ocrx_word' id='word_1_32' title='bbox 912 973 1068 1046; x_wconf 88' lang='lat' dir='ltr'><strong>callidum</strong></span> <span class='ocrx_word' id='word_1_33' title='bbox 1083 976 1146 1044; x_wconf 80' lang='lat' dir='ltr'><strong>fuit</strong></span> <span class='ocrx_word' id='word_1_34' title='bbox 1159 978 1227 1070; x_wconf 89' lang='lat' dir='ltr'><strong>ejus</strong></span> 
     </span>
     <span class='ocr_line' id='line_1_6' title="bbox 206 1091 1230 1188; baseline 0.01 -30"><span class='ocrx_word' id='word_1_35' title='bbox 206 1091 677 1186; x_wconf 88' lang='lat' dir='ltr'><strong>inventum,quemadmodum</strong></span> <span class='ocrx_word' id='word_1_36' title='bbox 688 1107 778 1164; x_wconf 91' lang='lat' dir='ltr'><strong>stans</strong></span> <span class='ocrx_word' id='word_1_37' title='bbox 786 1094 1131 1188; x_wconf 86' lang='lat' dir='ltr'><strong>jumentumcalefieri</strong></span> <span class='ocrx_word' id='word_1_38' title='bbox 1141 1123 1230 1168; x_wconf 82' lang='lat' dir='ltr'><strong>exer·</strong></span> 
     </span>
     <span class='ocr_line' id='line_1_7' title="bbox 206 1209 1226 1308; baseline 0.002 -28"><span class='ocrx_word' id='word_1_39' title='bbox 206 1209 339 1304; x_wconf 82' lang='lat' dir='ltr'><strong>carique</strong></span> <span class='ocrx_word' id='word_1_40' title='bbox 349 1226 473 1305; x_wconf 87' lang='lat' dir='ltr'><strong>posset,</strong></span> <span class='ocrx_word' id='word_1_41' title='bbox 484 1237 551 1305; x_wconf 94' lang='lat' dir='ltr'><strong>quo</strong></span> <span class='ocrx_word' id='word_1_42' title='bbox 567 1210 720 1280; x_wconf 88' lang='lat' dir='ltr'><strong>libentius</strong></span> <span class='ocrx_word' id='word_1_43' title='bbox 735 1228 769 1281; x_wconf 87' lang='lat' dir='ltr'><strong>et</strong></span> <span class='ocrx_word' id='word_1_44' title='bbox 778 1215 852 1282; x_wconf 88' lang='lat' dir='ltr'><strong>cibo</strong></span> <span class='ocrx_word' id='word_1_45' title='bbox 864 1231 1027 1302; x_wconf 82' lang='lat' dir='ltr'><strong>uteretur,</strong></span> <span class='ocrx_word' id='word_1_46' title='bbox 1038 1229 1072 1285; x_wconf 91' lang='lat' dir='ltr'><strong>et</strong></span> <span class='ocrx_word' id='word_1_47' title='bbox 1083 1241 1101 1284; x_wconf 92' lang='lat' dir='ltr'><strong>a</strong></span> <span class='ocrx_word' id='word_1_48' title='bbox 1111 1239 1226 1308; x_wconf 89' lang='lat' dir='ltr'><strong>corpo-</strong></span> 
     </span>
     <span class='ocr_line' id='line_1_8' title="bbox 205 1332 1228 1426; baseline 0.002 -28"><span class='ocrx_word' id='word_1_49' title='bbox 205 1332 251 1398; x_wconf 92' lang='lat' dir='ltr'><strong>ris</strong></span> <span class='ocrx_word' id='word_1_50' title='bbox 258 1343 351 1398; x_wconf 90' lang='lat' dir='ltr'><strong>motu</strong></span> <span class='ocrx_word' id='word_1_51' title='bbox 361 1346 664 1400; x_wconf 87' lang='lat' dir='ltr'><strong>nonremoveretur.</strong></span> <span class='ocrx_word' id='word_1_52' title='bbox 671 1332 919 1426; x_wconf 76' lang='lat' dir='ltr'><strong>substringebat</strong></span> <span class='ocrx_word' id='word_1_53' title='bbox 928 1348 1029 1426; x_wconf 90' lang='lat' dir='ltr'><strong>caput</strong></span> <span class='ocrx_word' id='word_1_54' title='bbox 1038 1333 1109 1401; x_wconf 88' lang='lat' dir='ltr'><strong>loro</strong></span> <span class='ocrx_word' id='word_1_55' title='bbox 1118 1332 1228 1420; x_wconf 86' lang='lat' dir='ltr'><strong>altius,</strong></span> 
     </span>
     <span class='ocr_line' id='line_1_9' title="bbox 205 1431 1225 1546; baseline 0.006 -30"><span class='ocrx_word' id='word_1_56' title='bbox 205 1473 306 1542; x_wconf 88' lang='lat' dir='ltr'><strong>quarn</strong></span> <span class='ocrx_word' id='word_1_57' title='bbox 320 1463 358 1517; x_wconf 89' lang='lat' dir='ltr'><strong>ut</strong></span> <span class='ocrx_word' id='word_1_58' title='bbox 367 1431 532 1543; x_wconf 90' lang='lat' dir='ltr'><strong>prioribus</strong></span> <span class='ocrx_word' id='word_1_59' title='bbox 544 1449 682 1543; x_wconf 89' lang='lat' dir='ltr'><strong>pedibus</strong></span> <span class='ocrx_word' id='word_1_60' title='bbox 691 1450 788 1543; x_wconf 90' lang='lat' dir='ltr'><strong>plane</strong></span> <span class='ocrx_word' id='word_1_61' title='bbox 799 1467 921 1520; x_wconf 86' lang='lat' dir='ltr'><strong>terram</strong></span> <span class='ocrx_word' id='word_1_62' title='bbox 932 1467 1043 1545; x_wconf 89' lang='lat' dir='ltr'><strong>posset</strong></span> <span class='ocrx_word' id='word_1_63' title='bbox 1054 1453 1225 1546; x_wconf 79' lang='lat' dir='ltr'><strong>attingere</strong></span> 
     </span>
     <span class='ocr_line' id='line_1_10' title="bbox 205 1567 1228 1663; baseline 0.002 -27"><span class='ocrx_word' id='word_1_64' title='bbox 205 1567 333 1636; x_wconf 89' lang='lat' dir='ltr'><strong>Deinde</strong></span> <span class='ocrx_word' id='word_1_65' title='bbox 353 1582 428 1661; x_wconf 91' lang='lat' dir='ltr'><strong>post</strong></span> <span class='ocrx_word' id='word_1_66' title='bbox 448 1569 638 1637; x_wconf 81' lang='lat' dir='ltr'><strong>verberibus</strong></span> <span class='ocrx_word' id='word_1_67' title='bbox 660 1571 797 1663; x_wconf 86' lang='lat' dir='ltr'><strong>cogebat</strong></span> <span class='ocrx_word' id='word_1_68' title='bbox 813 1569 1029 1658; x_wconf 85' lang='lat' dir='ltr'><strong>crisultare,et</strong></span> <span class='ocrx_word' id='word_1_69' title='bbox 1053 1570 1156 1638; x_wconf 86' lang='lat' dir='ltr'><strong>calces</strong></span> <span class='ocrx_word' id='word_1_70' title='bbox 1178 1595 1228 1638; x_wconf 91' lang='lat' dir='ltr'><strong>re-</strong></span> 
     </span>
     <span class='ocr_line' id='line_1_11' title="bbox 207 1687 1227 1779; baseline 0.004 -26"><span class='ocrx_word' id='word_1_71' title='bbox 207 1687 366 1754; x_wconf 85' lang='lat' dir='ltr'><strong>mittere:</strong></span> <span class='ocrx_word' id='word_1_72' title='bbox 394 1687 451 1779; x_wconf 91' lang='lat' dir='ltr'><strong>qui</strong></span> <span class='ocrx_word' id='word_1_73' title='bbox 481 1700 589 1755; x_wconf 88' lang='lat' dir='ltr'><strong>motus</strong></span> <span class='ocrx_word' id='word_1_74' title='bbox 619 1712 686 1755; x_wconf 93' lang='lat' dir='ltr'><strong>non</strong></span> <span class='ocrx_word' id='word_1_75' title='bbox 713 1688 820 1755; x_wconf 87' lang='lat' dir='ltr'><strong>minus</strong></span> <span class='ocrx_word' id='word_1_76' title='bbox 846 1687 999 1756; x_wconf 89' lang='lat' dir='ltr'><strong>sudorem</strong></span> <span class='ocrx_word' id='word_1_77' title='bbox 1024 1689 1227 1774; x_wconf 76' lang='lat' dir='ltr'><strong>excutiebat,</strong></span> 
     </span>
     <span class='ocr_line' id='line_1_12' title="bbox 206 1805 1227 1898; baseline 0.002 -26"><span class='ocrx_word' id='word_1_78' title='bbox 206 1829 305 1898; x_wconf 89' lang='lat' dir='ltr'><strong>quarn</strong></span> <span class='ocrx_word' id='word_1_79' title='bbox 322 1806 350 1874; x_wconf 94' lang='lat' dir='ltr'><strong>si</strong></span> <span class='ocrx_word' id='word_1_80' title='bbox 368 1807 402 1872; x_wconf 91' lang='lat' dir='ltr'><strong>in</strong></span> <span class='ocrx_word' id='word_1_81' title='bbox 419 1806 523 1898; x_wconf 86' lang='lat' dir='ltr'><strong>spatio</strong></span> <span class='ocrx_word' id='word_1_82' title='bbox 535 1805 733 1873; x_wconf 78' lang='lat' dir='ltr'><strong>decrurer&#39;ct.</strong></span> <span class='ocrx_word' id='word_1_83' title='bbox 752 1807 830 1894; x_wconf 91' lang='lat' dir='ltr'><strong>Quo</strong></span> <span class='ocrx_word' id='word_1_84' title='bbox 842 1805 964 1874; x_wconf 82' lang='lat' dir='ltr'><strong>factum</strong></span> <span class='ocrx_word' id='word_1_85' title='bbox 976 1822 1041 1894; x_wconf 88' lang='lat' dir='ltr'><strong>est,</strong></span> <span class='ocrx_word' id='word_1_86' title='bbox 1054 1806 1143 1898; x_wconf 90' lang='lat' dir='ltr'><strong>quod</strong></span> <span class='ocrx_word' id='word_1_87' title='bbox 1157 1832 1227 1875; x_wconf 93' lang='lat' dir='ltr'><strong>om·</strong></span> 
     </span>
     <span class='ocr_line' id='line_1_13' title="bbox 205 1922 1225 2018; baseline 0.003 -26"><span class='ocrx_word' id='word_1_88' title='bbox 205 1925 301 1992; x_wconf 92' lang='lat' dir='ltr'><strong>nibus</strong></span> <span class='ocrx_word' id='word_1_89' title='bbox 328 1922 477 1992; x_wconf 89' lang='lat' dir='ltr'><strong>mirabile</strong></span> <span class='ocrx_word' id='word_1_90' title='bbox 502 1937 552 1990; x_wconf 90' lang='lat' dir='ltr'><strong>est</strong></span> <span class='ocrx_word' id='word_1_91' title='bbox 575 1924 697 2011; x_wconf 87' lang='lat' dir='ltr'><strong>visum,</strong></span> <span class='ocrx_word' id='word_1_92' title='bbox 718 1938 766 1995; x_wconf 83' lang='lat' dir='ltr'><strong>,ut</strong></span> <span class='ocrx_word' id='word_1_93' title='bbox 782 1926 930 2017; x_wconf 85' lang='lat' dir='ltr'><strong>jumenta</strong></span> <span class='ocrx_word' id='word_1_94' title='bbox 951 1949 1042 2018; x_wconf 89' lang='lat' dir='ltr'><strong>aeque</strong></span> <span class='ocrx_word' id='word_1_95' title='bbox 1061 1925 1167 1994; x_wconf 88' lang='lat' dir='ltr'><strong>nitida</strong></span> <span class='ocrx_word' id='word_1_96' title='bbox 1187 1950 1225 1994; x_wconf 81' lang='lat' dir='ltr'><strong>ex</strong></span> 
     </span>
     <span class='ocr_line' id='line_1_14' title="bbox 204 2041 1226 2134; baseline 0.003 -24"><span class='ocrx_word' id='word_1_97' title='bbox 204 2041 338 2112; x_wconf 86' lang='lat' dir='ltr'><strong>castello</strong></span> <span class='ocrx_word' id='word_1_98' title='bbox 355 2041 523 2128; x_wconf 86' lang='lat' dir='ltr'><strong>educeret,</strong></span> <span class='ocrx_word' id='word_1_99' title='bbox 540 2066 642 2134; x_wconf 90' lang='lat' dir='ltr'><strong>quum</strong></span> <span class='ocrx_word' id='word_1_100' title='bbox 660 2041 844 2134; x_wconf 84' lang='lat' dir='ltr'><strong>complures</strong></span> <span class='ocrx_word' id='word_1_101' title='bbox 864 2066 989 2110; x_wconf 87' lang='lat' dir='ltr'><strong>menses</strong></span> <span class='ocrx_word' id='word_1_102' title='bbox 1005 2045 1040 2111; x_wconf 93' lang='lat' dir='ltr'><strong>in</strong></span> <span class='ocrx_word' id='word_1_103' title='bbox 1056 2043 1226 2113; x_wconf 86' lang='lat' dir='ltr'><strong>obsidione</strong></span> 
     </span>
     <span class='ocr_line' id='line_1_15' title="bbox 203 2160 1226 2253; baseline 0.002 -23"><span class='ocrx_word' id='word_1_104' title='bbox 203 2163 336 2249; x_wconf 83' lang='lat' dir='ltr'><strong>suisset,</strong></span> <span class='ocrx_word' id='word_1_105' title='bbox 354 2185 393 2228; x_wconf 86' lang='lat' dir='ltr'><strong>ac</strong></span> <span class='ocrx_word' id='word_1_106' title='bbox 412 2161 490 2228; x_wconf 88' lang='lat' dir='ltr'><strong>siin</strong></span> <span class='ocrx_word' id='word_1_107' title='bbox 509 2162 744 2253; x_wconf 87' lang='lat' dir='ltr'><strong>campestribus</strong></span> <span class='ocrx_word' id='word_1_108' title='bbox 761 2187 800 2230; x_wconf 91' lang='lat' dir='ltr'><strong>ea</strong></span> <span class='ocrx_word' id='word_1_109' title='bbox 818 2160 1149 2230; x_wconf 78' lang='lat' dir='ltr'><strong>loeishabuisset.1n</strong></span> <span class='ocrx_word' id='word_1_110' title='bbox 1163 2165 1226 2232; x_wconf 84' lang='lat' dir='ltr'><strong>hac</strong></span> 
     </span>
     <span class='ocr_line' id='line_1_16' title="bbox 204 2278 1226 2375; baseline 0.001 -26"><span class='ocrx_word' id='word_1_111' title='bbox 204 2279 432 2366; x_wconf 87' lang='lat' dir='ltr'><strong>conclusione,</strong></span> <span class='ocrx_word' id='word_1_112' title='bbox 450 2281 707 2373; x_wconf 87' lang='lat' dir='ltr'><strong>quotiescunque</strong></span> <span class='ocrx_word' id='word_1_113' title='bbox 724 2278 845 2367; x_wconf 85' lang='lat' dir='ltr'><strong>voluit,</strong></span> <span class='ocrx_word' id='word_1_114' title='bbox 860 2295 1056 2375; x_wconf 84' lang='lat' dir='ltr'><strong>apparatum</strong></span> <span class='ocrx_word' id='word_1_115' title='bbox 1072 2297 1106 2350; x_wconf 92' lang='lat' dir='ltr'><strong>et</strong></span> <span class='ocrx_word' id='word_1_116' title='bbox 1118 2285 1226 2350; x_wconf 85' lang='lat' dir='ltr'><strong>muni·</strong></span> 
     </span>
     <span class='ocr_line' id='line_1_17' title="bbox 205 2397 1225 2494; baseline 0.008 -29"><span class='ocrx_word' id='word_1_117' title='bbox 205 2399 310 2468; x_wconf 91' lang='lat' dir='ltr'><strong>tiones</strong></span> <span class='ocrx_word' id='word_1_118' title='bbox 325 2399 485 2492; x_wconf 83' lang='lat' dir='ltr'><strong>Antigoni</strong></span> <span class='ocrx_word' id='word_1_119' title='bbox 500 2397 580 2466; x_wconf 82' lang='lat' dir='ltr'><strong>alias</strong></span> <span class='ocrx_word' id='word_1_120' title='bbox 597 2399 762 2486; x_wconf 87' lang='lat' dir='ltr'><strong>incendit,</strong></span> <span class='ocrx_word' id='word_1_121' title='bbox 779 2398 859 2469; x_wconf 86' lang='lat' dir='ltr'><strong>alias</strong></span> <span class='ocrx_word' id='word_1_122' title='bbox 879 2401 1015 2494; x_wconf 88' lang='lat' dir='ltr'><strong>disjecit.</strong></span> <span class='ocrx_word' id='word_1_123' title='bbox 1032 2403 1152 2470; x_wconf 91' lang='lat' dir='ltr'><strong>Tenuit</strong></span> <span class='ocrx_word' id='word_1_124' title='bbox 1167 2425 1225 2473; x_wconf 87' lang='lat' dir='ltr'><strong>au·</strong></span> 
     </span>
     <span class='ocr_line' id='line_1_18' title="bbox 204 2517 1224 2612; baseline 0.002 -26"><span class='ocrx_word' id='word_1_125' title='bbox 204 2533 272 2586; x_wconf 81' lang='lat' dir='ltr'><strong>te&#39;rn</strong></span> <span class='ocrx_word' id='word_1_126' title='bbox 285 2543 319 2586; x_wconf 91' lang='lat' dir='ltr'><strong>se</strong></span> <span class='ocrx_word' id='word_1_127' title='bbox 335 2543 402 2587; x_wconf 93' lang='lat' dir='ltr'><strong>uno</strong></span> <span class='ocrx_word' id='word_1_128' title='bbox 422 2517 509 2602; x_wconf 92' lang='lat' dir='ltr'><strong>loco,</strong></span> <span class='ocrx_word' id='word_1_129' title='bbox 530 2518 676 2609; x_wconf 80' lang='lat' dir='ltr'><strong>quandiu</strong></span> <span class='ocrx_word' id='word_1_130' title='bbox 691 2519 755 2590; x_wconf 82' lang='lat' dir='ltr'><strong>fuit</strong></span> <span class='ocrx_word' id='word_1_131' title='bbox 769 2520 883 2588; x_wconf 90' lang='lat' dir='ltr'><strong>hiems.</strong></span> <span class='ocrx_word' id='word_1_132' title='bbox 901 2520 964 2588; x_wconf 88' lang='lat' dir='ltr'><strong>Sed</strong></span> <span class='ocrx_word' id='word_1_133' title='bbox 977 2521 1066 2612; x_wconf 92' lang='lat' dir='ltr'><strong>quod</strong></span> <span class='ocrx_word' id='word_1_134' title='bbox 1082 2534 1224 2590; x_wconf 86' lang='lat' dir='ltr'><strong>castrum</strong></span> 
     </span>
     <span class='ocr_line' id='line_1_19' title="bbox 202 2637 1225 2734; baseline 0 -28"><span class='ocrx_word' id='word_1_135' title='bbox 202 2637 346 2706; x_wconf 87' lang='lat' dir='ltr'><strong>subsidia</strong></span> <span class='ocrx_word' id='word_1_136' title='bbox 362 2637 483 2704; x_wconf 89' lang='lat' dir='ltr'><strong>habere</strong></span> <span class='ocrx_word' id='word_1_137' title='bbox 499 2661 568 2704; x_wconf 89' lang='lat' dir='ltr'><strong>nou</strong></span> <span class='ocrx_word' id='word_1_138' title='bbox 581 2652 726 2734; x_wconf 89' lang='lat' dir='ltr'><strong>poterat,</strong></span> <span class='ocrx_word' id='word_1_139' title='bbox 744 2653 779 2707; x_wconf 88' lang='lat' dir='ltr'><strong>et</strong></span> <span class='ocrx_word' id='word_1_140' title='bbox 795 2663 854 2707; x_wconf 85' lang='lat' dir='ltr'><strong>ver</strong></span> <span class='ocrx_word' id='word_1_141' title='bbox 872 2639 1172 2732; x_wconf 81' lang='lat' dir='ltr'><strong>appropinquabat3</strong></span> <span class='ocrx_word' id='word_1_142' title='bbox 1183 2641 1225 2706; x_wconf 94' lang='lat' dir='ltr'><strong>si·</strong></span> 
     </span>
     <span class='ocr_line' id='line_1_20' title="bbox 201 2755 1225 2851; baseline 0.002 -27"><span class='ocrx_word' id='word_1_143' title='bbox 201 2756 325 2825; x_wconf 89' lang='lat' dir='ltr'><strong>mulata</strong></span> <span class='ocrx_word' id='word_1_144' title='bbox 350 2755 533 2845; x_wconf 90' lang='lat' dir='ltr'><strong>deditione,</strong></span> <span class='ocrx_word' id='word_1_145' title='bbox 558 2758 638 2826; x_wconf 89' lang='lat' dir='ltr'><strong>dum</strong></span> <span class='ocrx_word' id='word_1_146' title='bbox 663 2757 704 2825; x_wconf 89' lang='lat' dir='ltr'><strong>de</strong></span> <span class='ocrx_word' id='word_1_147' title='bbox 729 2757 972 2826; x_wconf 89' lang='lat' dir='ltr'><strong>conditionibus</strong></span> <span class='ocrx_word' id='word_1_148' title='bbox 995 2771 1127 2846; x_wconf 85' lang='lat' dir='ltr'><strong>tractat,</strong></span> <span class='ocrx_word' id='word_1_149' title='bbox 1143 2781 1225 2851; x_wconf 73' lang='lat' dir='ltr'><strong>prc-</strong></span> 
     </span>
     <span class='ocr_line' id='line_1_21' title="bbox 200 2859 1223 2971; baseline -0.001 -27"><span class='ocrx_word' id='word_1_150' title='bbox 200 2876 293 2946; x_wconf 90' lang='lat' dir='ltr'><strong>feetis</strong></span> <span class='ocrx_word' id='word_1_151' title='bbox 309 2859 467 2969; x_wconf 82' lang='lat' dir='ltr'><strong>Antigoni</strong></span> <span class='ocrx_word' id='word_1_152' title='bbox 491 2877 666 2971; x_wconf 87' lang='lat' dir='ltr'><strong>imposuit,</strong></span> <span class='ocrx_word' id='word_1_153' title='bbox 680 2901 777 2969; x_wconf 89' lang='lat' dir='ltr'><strong>seque</strong></span> <span class='ocrx_word' id='word_1_154' title='bbox 802 2901 840 2944; x_wconf 90' lang='lat' dir='ltr'><strong>ac</strong></span> <span class='ocrx_word' id='word_1_155' title='bbox 860 2900 936 2945; x_wconf 88' lang='lat' dir='ltr'><strong>suos</strong></span> <span class='ocrx_word' id='word_1_156' title='bbox 951 2900 1065 2944; x_wconf 89' lang='lat' dir='ltr'><strong>omnes</strong></span> <span class='ocrx_word' id='word_1_157' title='bbox 1086 2877 1223 2944; x_wconf 80' lang='lat' dir='ltr'><strong>extraxit</strong></span> 
     </span>
     <span class='ocr_line' id='line_1_22' title="bbox 200 2995 391 3065; baseline 0.005 -1"><span class='ocrx_word' id='word_1_158' title='bbox 200 2995 391 3065; x_wconf 87' lang='lat' dir='ltr'><strong>incolumes.</strong></span> 
     </span>
    </p>

    <p class='ocr_par' dir='ltr' id='par_1_2' title="bbox 170 3110 1356 3918">
     <span class='ocr_line' id='line_1_23' title="bbox 247 3110 1224 3208; baseline -0.002 -26"><span class='ocrx_word' id='word_1_159' title='bbox 247 3117 309 3203; x_wconf 57' lang='lat' dir='ltr'><strong>Vl,</strong></span> <span class='ocrx_word' id='word_1_160' title='bbox 325 3114 376 3192; x_wconf 85' lang='lat' dir='ltr'><strong>Ad</strong></span> <span class='ocrx_word' id='word_1_161' title='bbox 392 3115 480 3184; x_wconf 90' lang='lat' dir='ltr'><strong>hunc</strong></span> <span class='ocrx_word' id='word_1_162' title='bbox 498 3113 681 3208; x_wconf 86' lang='lat' dir='ltr'><strong>Olympias,</strong></span> <span class='ocrx_word' id='word_1_163' title='bbox 700 3126 805 3181; x_wconf 85' lang='lat' dir='ltr'><strong>mater</strong></span> <span class='ocrx_word' id='word_1_164' title='bbox 820 3137 894 3205; x_wconf 81' lang='lat' dir='ltr'><strong>quae</strong></span> <span class='ocrx_word' id='word_1_165' title='bbox 912 3112 1017 3181; x_wconf 84' lang='lat' dir='ltr'><strong>fuerat</strong></span> <span class='ocrx_word' id='word_1_166' title='bbox 1034 3110 1224 3199; x_wconf 78' lang='lat' dir='ltr'><strong>Alexandri,</strong></span> 
     </span>
     <span class='ocr_line' id='line_1_24' title="bbox 170 3217 1222 3327; baseline -0.007 -23"><span class='ocrx_word' id='word_1_167' title='bbox 170 3217 177 3227; x_wconf 45' lang='lat'><em>⁶</em></span> <span class='ocrx_word' id='word_1_168' title='bbox 201 3259 304 3327; x_wconf 87' lang='lat' dir='ltr'><strong>quum</strong></span> <span class='ocrx_word' id='word_1_169' title='bbox 322 3234 447 3302; x_wconf 81' lang='lat' dir='ltr'><strong>litteras</strong></span> <span class='ocrx_word' id='word_1_170' title='bbox 464 3251 497 3302; x_wconf 86' lang='lat' dir='ltr'><strong>et</strong></span> <span class='ocrx_word' id='word_1_171' title='bbox 512 3236 646 3302; x_wconf 90' lang='lat' dir='ltr'><strong>nuntios</strong></span> <span class='ocrx_word' id='word_1_172' title='bbox 666 3233 805 3299; x_wconf 89' lang='lat' dir='ltr'><strong>misisset</strong></span> <span class='ocrx_word' id='word_1_173' title='bbox 820 3233 854 3298; x_wconf 94' lang='lat' dir='ltr'><strong>in</strong></span> <span class='ocrx_word' id='word_1_174' title='bbox 874 3232 1001 3315; x_wconf 86' lang='lat' dir='ltr'><strong>Asiam,</strong></span> <span class='ocrx_word' id='word_1_175' title='bbox 1020 3229 1222 3317; x_wconf 86' lang='lat' dir='ltr'><strong>consultum,</strong></span> 
     </span>
     <span class='ocr_line' id='line_1_25' title="bbox 201 3332 1322 3445; baseline -0.008 -23"><span class='ocrx_word' id='word_1_176' title='bbox 201 3369 314 3422; x_wconf 91' lang='lat' dir='ltr'><strong>utrum</strong></span> <span class='ocrx_word' id='word_1_177' title='bbox 330 3354 507 3445; x_wconf 87' lang='lat' dir='ltr'><strong>repetitum</strong></span> <span class='ocrx_word' id='word_1_178' title='bbox 518 3351 746 3420; x_wconf 89' lang='lat' dir='ltr'><strong>Macedoniam</strong></span> <span class='ocrx_word' id='word_1_179' title='bbox 758 3348 983 3442; x_wconf 84' lang='lat' dir='ltr'><strong>veniret(nam</strong></span> <span class='ocrx_word' id='word_1_180' title='bbox 1000 3364 1071 3416; x_wconf 91' lang='lat' dir='ltr'><strong>tum</strong></span> <span class='ocrx_word' id='word_1_181' title='bbox 1081 3350 1116 3415; x_wconf 93' lang='lat' dir='ltr'><strong>in</strong></span> <span class='ocrx_word' id='word_1_182' title='bbox 1124 3350 1225 3439; x_wconf 90' lang='lat' dir='ltr'><strong>Epiro</strong></span> <span class='ocrx_word' id='word_1_183' title='bbox 1316 3332 1322 3356; x_wconf 60' lang='lat'><em>³</em></span> 
     </span>
     <span class='ocr_line' id='line_1_26' title="bbox 199 3459 1356 3564; baseline -0.008 -23"><span class='ocrx_word' id='word_1_184' title='bbox 199 3469 400 3564; x_wconf 84' lang='lat' dir='ltr'><strong>habitabat),</strong></span> <span class='ocrx_word' id='word_1_185' title='bbox 419 3484 453 3538; x_wconf 90' lang='lat' dir='ltr'><strong>et</strong></span> <span class='ocrx_word' id='word_1_186' title='bbox 467 3495 522 3538; x_wconf 88' lang='lat' dir='ltr'><strong>eas</strong></span> <span class='ocrx_word' id='word_1_187' title='bbox 538 3495 589 3538; x_wconf 91' lang='lat' dir='ltr'><strong>res</strong></span> <span class='ocrx_word' id='word_1_188' title='bbox 606 3483 800 3562; x_wconf 71' lang='lat' dir='ltr'><strong>occuparet,</strong></span> <span class='ocrx_word' id='word_1_189' title='bbox 818 3469 896 3536; x_wconf 90' lang='lat' dir='ltr'><strong>huic</strong></span> <span class='ocrx_word' id='word_1_190' title='bbox 912 3465 968 3536; x_wconf 91' lang='lat' dir='ltr'><strong>ille</strong></span> <span class='ocrx_word' id='word_1_191' title='bbox 987 3468 1129 3559; x_wconf 89' lang='lat' dir='ltr'><strong>primum</strong></span> <span class='ocrx_word' id='word_1_192' title='bbox 1147 3489 1221 3534; x_wconf 85' lang='lat' dir='ltr'><strong>sua·</strong></span> <span class='ocrx_word' id='word_1_193' title='bbox 1352 3459 1356 3466; x_wconf 72' lang='grc'><strong>’</strong></span> 
     </span>
     <span class='ocr_line' id='line_1_27' title="bbox 203 3581 1224 3680; baseline -0.008 -20"><span class='ocrx_word' id='word_1_194' title='bbox 203 3593 260 3677; x_wconf 89' lang='lat' dir='ltr'><strong>sit,</strong></span> <span class='ocrx_word' id='word_1_195' title='bbox 270 3613 312 3657; x_wconf 89' lang='lat' dir='ltr'><strong>ne</strong></span> <span class='ocrx_word' id='word_1_196' title='bbox 329 3581 534 3676; x_wconf 83' lang='lat' dir='ltr'><strong>semoveret,</strong></span> <span class='ocrx_word' id='word_1_197' title='bbox 547 3603 579 3657; x_wconf 87' lang='lat' dir='ltr'><strong>et</strong></span> <span class='ocrx_word' id='word_1_198' title='bbox 592 3602 810 3680; x_wconf 83' lang='lat' dir='ltr'><strong>exspectaret,</strong></span> <span class='ocrx_word' id='word_1_199' title='bbox 828 3586 937 3679; x_wconf 88' lang='lat' dir='ltr'><strong>quoad</strong></span> <span class='ocrx_word' id='word_1_200' title='bbox 950 3585 1125 3656; x_wconf 85' lang='lat' dir='ltr'><strong>Alexandri</strong></span> <span class='ocrx_word' id='word_1_201' title='bbox 1138 3583 1224 3653; x_wconf 89' lang='lat' dir='ltr'><strong>lilius</strong></span> 
     </span>
     <span class='ocr_line' id='line_1_28' title="bbox 201 3705 1223 3805; baseline -0.008 -27"><span class='ocrx_word' id='word_1_202' title='bbox 201 3734 340 3805; x_wconf 84' lang='lat' dir='ltr'><strong>regnum</strong></span> <span class='ocrx_word' id='word_1_203' title='bbox 355 3707 588 3800; x_wconf 85' lang='lat' dir='ltr'><strong>adipisceretur</strong></span> <span class='ocrx_word' id='word_1_204' title='bbox 603 3733 610 3776; x_wconf 92' lang='lat'>:</span> <span class='ocrx_word' id='word_1_205' title='bbox 624 3709 675 3776; x_wconf 91' lang='lat' dir='ltr'><strong>sin</strong></span> <span class='ocrx_word' id='word_1_206' title='bbox 690 3706 799 3800; x_wconf 91' lang='lat' dir='ltr'><strong>aliqua</strong></span> <span class='ocrx_word' id='word_1_207' title='bbox 815 3705 994 3798; x_wconf 87' lang='lat' dir='ltr'><strong>cupiditate</strong></span> <span class='ocrx_word' id='word_1_208' title='bbox 1005 3719 1176 3798; x_wconf 88' lang='lat' dir='ltr'><strong>raperetur</strong></span> <span class='ocrx_word' id='word_1_209' title='bbox 1189 3705 1223 3771; x_wconf 91' lang='lat' dir='ltr'><strong>in</strong></span> 
     </span>
     <span class='ocr_line' id='line_1_29' title="bbox 201 3823 1223 3918; baseline -0.011 -19"><span class='ocrx_word' id='word_1_210' title='bbox 201 3827 445 3914; x_wconf 87' lang='lat' dir='ltr'><strong>Macedoniam,</strong></span> <span class='ocrx_word' id='word_1_211' title='bbox 465 3827 614 3894; x_wconf 90' lang='lat' dir='ltr'><strong>omnium</strong></span> <span class='ocrx_word' id='word_1_212' title='bbox 637 3826 831 3918; x_wconf 86' lang='lat' dir='ltr'><strong>injuriarum</strong></span> <span class='ocrx_word' id='word_1_213' title='bbox 853 3823 1116 3909; x_wconf 87' lang='lat' dir='ltr'><strong>oblivisceretur,</strong></span> <span class='ocrx_word' id='word_1_214' title='bbox 1140 3823 1223 3890; x_wconf 89' lang='lat' dir='ltr'><strong>etin</strong></span> 
     </span>
    </p>
   </div>
   <div class='ocr_carea' id='block_1_2' title="bbox 202 3939 1225 4154">
    <p class='ocr_par' dir='ltr' id='par_1_3' title="bbox 202 3939 1225 4154">
     <span class='ocr_line' id='line_1_30' title="bbox 202 3939 1225 4036; baseline -0.012 -19"><span class='ocrx_word' id='word_1_215' title='bbox 202 3950 365 4016; x_wconf 89' lang='lat' dir='ltr'><strong>neminem</strong></span> <span class='ocrx_word' id='word_1_216' title='bbox 393 3946 559 4015; x_wconf 87' lang='lat' dir='ltr'><strong>acerbiore</strong></span> <span class='ocrx_word' id='word_1_217' title='bbox 583 3958 732 4012; x_wconf 89' lang='lat' dir='ltr'><strong>uteretur</strong></span> <span class='ocrx_word' id='word_1_218' title='bbox 753 3944 903 4036; x_wconf 73' lang='lat' dir='ltr'><strong>imperio.</strong></span> <span class='ocrx_word' id='word_1_219' title='bbox 927 3948 1053 4012; x_wconf 89' lang='lat' dir='ltr'><strong>Horum</strong></span> <span class='ocrx_word' id='word_1_220' title='bbox 1082 3939 1163 4008; x_wconf 93' lang='lat' dir='ltr'><strong>nihil</strong></span> <span class='ocrx_word' id='word_1_221' title='bbox 1179 3964 1225 4012; x_wconf 69' lang='lat' dir='ltr'><strong>,ea</strong></span> 
     </span>
     <span class='ocr_line' id='line_1_31' title="bbox 202 4045 1224 4154; baseline -0.009 -20"><span class='ocrx_word' id='word_1_222' title='bbox 202 4045 389 4154; x_wconf 60' lang='lat' dir='ltr'><strong>fecitinarn</strong></span> <span class='ocrx_word' id='word_1_223' title='bbox 407 4067 490 4132; x_wconf 92' lang='lat' dir='ltr'><strong>etin</strong></span> <span class='ocrx_word' id='word_1_224' title='bbox 506 4062 733 4132; x_wconf 85' lang='lat' dir='ltr'><strong>Macedoniarn</strong></span> <span class='ocrx_word' id='word_1_225' title='bbox 751 4061 898 4153; x_wconf 89' lang='lat' dir='ltr'><strong>profecta</strong></span> <span class='ocrx_word' id='word_1_226' title='bbox 917 4076 981 4145; x_wconf 90' lang='lat' dir='ltr'><strong>est,</strong></span> <span class='ocrx_word' id='word_1_227' title='bbox 998 4075 1031 4128; x_wconf 87' lang='lat' dir='ltr'><strong>et</strong></span> <span class='ocrx_word' id='word_1_228' title='bbox 1046 4060 1092 4126; x_wconf 93' lang='lat' dir='ltr'><strong>ibi</strong></span> <span class='ocrx_word' id='word_1_229' title='bbox 1110 4057 1224 4126; x_wconf 88' lang='lat' dir='ltr'><strong>crude·</strong></span> 
     </span>
    </p>
   </div>
   <div class='ocr_carea' id='block_1_3' title="bbox 1060 4204 1088 4271">
    <p class='ocr_par' dir='ltr' id='par_1_4' title="bbox 1060 4204 1088 4271">
     <span class='ocr_line' id='line_1_32' title="bbox 1060 4204 1088 4271; baseline 0 -27"><span class='ocrx_word' id='word_1_230' title='bbox 1060 4204 1088 4271; x_wconf 75' lang='grc'><strong>7.</strong></span> 
     </span>
    </p>
   </div>
   <div class='ocr_carea' id='block_1_4' title="bbox 0 0 1588 5048">
    <p class='ocr_par' dir='ltr' id='par_1_5' title="bbox 0 0 1588 5048">
     <span class='ocr_line' id='line_1_33' title="bbox 0 0 1588 5048; baseline 0 2"><span class='ocrx_word' id='word_1_231' title='bbox 0 0 1588 5048; x_wconf 95' lang='lat' dir='ltr'><strong> </strong></span> 
     </span>
    </p>
   </div>
  </div>
 </body>
</html>
