3168 5048
743 515 1010 530 ἠ-Ἇψ-.

110 975 115 982 .
270 805 712 937 normann
755 807 1154 941 NEPOTIS

499 1199 919 1292 FRAGMENTA.

639 1562 785 1576 *

524 1852 899 1920 CHRONICORUM

654 2103 726 2148 ΜΒ.
753 2104 776 2147 1.

194 2420 220 2484 I.
248 2366 332 2492 Da
347 2421 494 2487 Homero
510 2435 544 2489 et
563 2421 707 2490 Hesiodo
726 2423 813 2491 inter
833 2446 947 2492 omnes
965 2422 1033 2491 fere
1054 2422 1232 2515 scriptores

194 2538 357 2626 constitit,
381 2553 559 2634 utrumque
582 2541 699 2610 vixisse
724 2557 801 2610 ante
825 2543 966 2612 Romam
990 2542 1173 2630 conditam,
1195 2557 1233 2609 ut

195 2655 371 2726 Cornelius
382 2659 495 2753 Nepos
508 2662 543 2728 in
553 2661 662 2754 primo
671 2661 914 2731 Chronicorum
925 2663 966 2730 de
977 2663 1123 2731 Homero
1135 2661 1232 2747 dixit,

195 2778 290 2846 annis
307 2777 437 2848 circiter
455 2797 590 2850 centum
608 2796 640 2849 et
655 2782 834 2877 sexaginta.
858 2779 992 2867 Gellzias,
1011 2806 1176 2870 xv11,21,
1199 2779 1230 2851 3.

118 2987 121 2992 1
242 2899 365 2993 Nepoti
376 2913 409 2968 et
421 2901 554 2974 Lutatio
569 2905 711 2971 Romam
725 2901 831 2996 placet
845 2903 1011 2972 conditam
1026 2899 1232 2996 Olympiadis

194 3020 340 3116 septimae
355 3043 443 3090 anno
459 3021 613 3092 secundo.
631 3021 731 3093 Solio.
749 3047 821 3118 cap.
840 3047 878 3092 ιι.
948 3056 951 3062 ·

242 3134 481 3210 Archilochum
503 3143 615 3236 Nepos
638 3141 811 3210 Cornelius
835 3141 950 3226 tradit,
972 3138 1070 3210 Tullo
1086 3134 1232 3238 'Hostilio

192 3259 309 3330 Romae
325 3273 496 3353 regnante,
513 3260 582 3354 jam
599 3276 680 3334 tunc
696 3261 856 3355 poematis
875 3259 1003 3328 clarum
1020 3255 1054 3328 et
1075 3257 1229 3327 nobilem.

200 3379 337 3463 Gellaeics,
359 3402 449 3467 xvn,
471 3402 529 3464 21,
553 3379 585 3449 8.
1218 3371 1222 3376 ’

244 3499 292 3566 Μ.
310 3497 456 3566 Manlius
473 3501 601 3586 Romae,
622 3499 679 3592 qui
700 3497 815 3571 Gallos
833 3498 868 3566 in
887 3496 1057 3566 obsidione
1077 3493 1231 3589 Capitolii

196 3617 391 3709 obrepentes
408 3641 466 3710 per
486 3615 591 3686 ardua
607 3615 793 3712 depulerat,
810 3618 981 3685 convictus
996 3629 1044 3684 est
1059 3612 1231 3695 consilium

196 3735 237 3805 de
252 3760 356 3830 regno
369 3735 562 3830 occupando
577 3736 702 3826 iniisse,
718 3732 959 3829 damnatusque
974 3721 1106 3829 capitis,
1120 3759 1139 3803 e
1153 3758 1230 3802 saxo

196 3856 352 3950 Tarpeio,
370 3869 408 3922 ut
422 3857 470 3923 M.
490 3859 598 3924 Varro
617 3857 677 3944 ait,
694 3881 837 3951 praeceps
856 3851 952 3924 datus
968 3868 1032 3943 est;
1050 3868 1089 3922 ut
1107 3856 1230 3922 Corne-

197 3973 260 4044 lius
274 3987 385 4043 autem
405 3975 517 4068 Nepos
535 3975 694 4068 scriptum
714 3974 860 4068 reliquit,
881 3972 1083 4044 verberando
1098 3953 1229 4040 necatus

195 4111 254 4165 ast.
278 4094 414 4181 Gallim,
438 4091 516 4163 ibid.
537 4119 570 4161 n.
593 4096 648 4178 πά.
718 4119 724 4132 ·
