3168 5048
779 771 913 837 XXIV.

435 1239 437 1246 ,
492 1109 583 1214 llll.
624 1106 939 1211 PORCIUS
978 1107 1184 1213 CATO.
1238 1212 1244 1230 ,

577 1437 618 1498 (ax
631 1453 702 1486 nuno
716 1451 865 1489 rosrsarous
879 1451 994 1484 munzun
1008 1437 1127 1500 ancoras.)

335 2075 469 2214 Caro,
489 2139 582 2195 ortus
596 2125 776 2220 municipio
793 2123 953 2214 Tusculo,
970 2102 1247 2215 adolescentulus,
1264 2127 1373 2221 prius·

334 2272 434 2342 quam
452 2246 634 2315 honoribus
652 2269 786 2340 operam
805 2244 916 2330 daret,
937 2259 1084 2314 versatus
1102 2260 1152 2314 est
1171 2246 1205 2313 in
1224 2246 1372 2334 Sabinis,

334 2369 492 2465 quodibi
518 2367 696 2436 haeredium
719 2392 738 2434 a
763 2381 857 2460 patre
881 2362 1031 2450 relictum
1054 2366 1205 2445 hahebat.
1229 2370 1373 2435 Hortatu

336 2493 375 2558 L.
394 2485 517 2557 Valerii
535 2485 657 2574 Flacci,
675 2511 772 2579 quem
792 2487 827 2554 in
845 2483 1018 2554 consulatu
1037 2509 1240 2578 censuraque
1258 2487 1376 2555 habuit

337 2576 509 2702 collegam,
528 2622 566 2675 ut
583 2609 630 2675 M.
651 2610 823 2700 Perpenna
835 2606 1012 2676 Censorius
1029 2631 1163 2675 narrare
1181 2605 1295 2674 solitus
1309 2622 1377 2697 cst,

336 2732 476 2799 Romam
496 2727 707 2822 demigravit,
726 2727 761 2795 in
779 2725 918 2818 foroque
936 2751 1004 2796 esse
1021 2727 1129 2821 coepit.
1152 2727 1300 2795 Primum
1319 2729 1378 2796 sti-

273 2937 275 2939 ·
337 2848 495 2942 pendium
519 2848 640 2914 meruit
657 2859 821 2913 annorum
842 2845 953 2914 decem
979 2860 1188 2940 septemque,
1212 2848 1254 2935 Q.
1275 2846 1377 2914 Fabio

338 2968 500 3054 Maximo,
517 2969 564 3034 M.
579 2963 718 3035 Claudio
736 2963 894 3033 Marcello
910 2990 992 3034 coss.
1004 2966 1172 3057 Tribunus
1186 2964 1329 3034 militum
1343 2967 1377 3033 in

340 3084 450 3155 Sicilia
467 3085 539 3153 fuit.
550 3085 639 3153 >lude
657 3099 695 3152 ut
713 3084 824 3173 rediit,
844 3099 950 3153 castra
972 3098 1103 3154 secutus
1121 3100 1170 3153 est
1188 3088 1225 3154 C.
1246 3083 1378 3156 Claudii

341 3205 503 3292 Neronis,
527 3206 702 3298 magnique
724 3205 794 3297 ejus
812 3229 912 3299 opera
934 3205 1117 3272 existimata
1138 3219 1187 3272 est
1209 3205 1244 3272 in
1264 3202 1377 3298 proelio

341 3325 431 3420 apud
452 3328 589 3412 Senam,
608 3349 675 3416 quo
694 3323 810 3393 c'ecidit
827 3321 1030 3410 Hasdrubal,
1052 3323 1153 3392 frater
1171 3321 1376 3392 Hannibalis.

342 3448 495 3533 Quaestor
512 3444 631 3538 obtigit
648 3447 683 3512 P.
704 3443 857 3513 Cornelio
880 3445 1026 3537 Scipioni
1043 3443 1212 3530 Africano,
1232 3441 1377 3527 consuli3

344 3589 419 3632 cum
438 3570 505 3656 quo
517 3587 584 3631 non
603 3588 665 3656 pro
684 3563 779 3631 sortis
798 3562 1035 3640 necessitudine
1052 3562 1133 3630 vixit
1152 3587 1318 3655 :namque
1337 3563 1382 3628 ab·

343 3708 382 3751 eo
401 3697 560 3776 perpetua
580 3683 732 3771 dissensit
751 3683 827 3750 vita.
848 3682 961 3751 AEdilis
984 3682 1087 3778 plebis
1105 3682 1211 3751 factus
1231 3698 1280 3750 est
1302 3707 1377 3751 curu

344 3805 381 3872 C.
396 3800 522 3872 Helvio.
538 3804 663 3870 Praetor
674 3803 878 3896 provinciam
890 3804 1034 3872 obtinuit
1048 3802 1246 3888 Sardiniam,
1260 3828 1299 3870 ex
1313 3827 1379 3894 qua

345 3936 488 4013 quaestor
506 3923 674 4015 superiore
698 3937 846 4017 tempore
864 3947 903 4000 ex
927 3922 1037 3993 Africa
1056 3922 1228 4010 decedens,
1250 3924 1292 4010 Q.
1313 3925 1381 3990 En-

347 4043 438 4108 nium
460 4055 591 4136 poetam
612 4040 790 4110 deduxerat
816 4069 823 4109 :
848 4042 938 4135 quod
962 4068 1030 4110 non
1056 4043 1192 4111 minoris
1217 4042 1381 4110 existima·
