3198 5174
337 448 355 501 a
672 437 845 495 connum
867 440 1020 494 NEPoTls
1086 411 1092 418 ’

333 579 400 649 tus,
419 580 453 632 et
470 565 642 658 largitione
653 565 903 658 magistratuum
921 577 1095 656 corruptus
1114 579 1177 648 est,
1195 579 1358 633 trecentas

332 698 457 752 statuas
475 683 647 750 Demetrio
667 680 825 750 Phalereo
841 682 996 750 decrevit.
1090 723 1093 734 ,

379 805 455 870 VII.
476 805 554 870 Post
574 803 637 870 hoc
657 800 826 894 proelium,
847 801 983 870 classem
1003 803 1210 895 septuaginta
1225 803 1359 870 navium
1439 851 1445 860 .

332 923 547 992 Athenienses
574 921 679 988 eidem
704 918 847 988 Miltiadi
864 919 1045 1007 dederunt,
1070 935 1107 988 ut
1127 920 1263 1006 insulas,
1288 944 1360 1012 quae

333 1037 489 1112 barbaros
509 1041 718 1134 adjuverant,
733 1038 820 1109 bello
836 1056 1087 1135 persequeretur
1108 1067 1115 1108 :
1135 1067 1201 1132 quo
1221 1041 1359 1134 imperio

334 1162 506 1258 plerasque
521 1161 563 1230 ad
582 1160 728 1228 officium
748 1160 855 1228 redire
875 1162 996 1255 coegit,
1013 1159 1188 1230 nonnullas
1207 1163 1241 1228 vi
1258 1185 1359 1254 expu-

334 1283 458 1377 gnavit.
486 1283 537 1350 Ex
562 1281 614 1347 his
639 1282 760 1347 Parum
786 1278 941 1367 insulam,
965 1280 1082 1372 opibus
1105 1278 1237 1368 elatam,
1258 1304 1359 1372 quum

333 1403 484 1470 oratione
495 1397 709 1468 reconciliare
720 1422 786 1466 non
796 1412 924 1492 posset,
935 1398 1047 1491 copias
1060 1399 1224 1467 anavibus
1234 1399 1359 1484 eduxit,

335 1520 452 1588 urbem
476 1518 632 1613 operibus
657 1517 787 1606 clausit,
807 1519 964 1610 omnique
991 1532 1176 1586 commeatu
1198 1519 1359 1611 privavit:

335 1637 468 1726 deinde,
480 1638 585 1705 vineis
600 1662 639 1706 ac
656 1637 876 1705 testudinibus
891 1637 1091 1724 constitutis,
1102 1637 1237 1730 propius
1251 1662 1361 1705 muros

335 1758 482 1846 accessit.
496 1759 611 1846 Quum
623 1757 691 1848 jam
708 1757 742 1822 in
757 1780 796 1823 eo
812 1770 895 1823 esset
908 1769 947 1822 ut
961 1754 1083 1848 oppido
1099 1756 1275 1848 potiretur,
1292 1780 1362 1848 pro-

337 1873 391 1944 oul
417 1875 451 1942 in
476 1875 659 1943 continenti
683 1873 790 1961 lucuS,
807 1875 864 1965 qui
892 1898 932 1940 ex
950 1871 1057 1942 insula
1085 1875 1361 1968 conspiciebatur,

340 1995 531 2084 nescioquo
551 2017 642 2080 casu,
660 2007 825 2060 nocturno
841 2007 989 2084 tempore
1010 1993 1160 2061 incensus
1180 2008 1239 2061 est.
1260 1995 1362 2086 Cujus
1398 2059 1400 2066 Α

251 2207 252 2210 ¹
337 2111 470 2180 llamma
485 2127 524 2180 ut
536 2112 577 2180 ab
588 2111 760 2206 oppidanis
776 2126 809 2180 et
819 2107 1101 2206 oppugnatoribus
1110 2126 1158 2180 est
1167 2114 1252 2199 visa,
1263 2113 1362 2181 utris-

338 2256 402 2324 que
416 2221 508 2300 venit
528 2233 562 2300 in
588 2232 792 2324 opinionem,
810 2231 939 2324 signum
955 2257 974 2299 a
994 2229 1166 2300 classiariis
1185 2231 1287 2325 regiis
1307 2231 1363 2300 da·

339 2365 434 2418 tum:
452 2375 519 2443 quo
541 2349 667 2418 factum
687 2362 750 2434 est,
770 2362 808 2415 ut
827 2362 859 2416 et
879 2350 966 2417 Parii
989 2374 1009 2416 a
1033 2349 1198 2418 deditione
1223 2349 1365 2418 deterre·
1440 2366 1443 2370 ’

338 2482 468 2557 rentur,
486 2483 520 2537 et
533 2467 715 2553 Miltiades,
733 2470 852 2536 timens
867 2493 908 2536 nc
923 2467 1034 2536 classis
1054 2470 1143 2562 regia
1161 2468 1363 2555 adventaret,

340 2588 480 2656 incensis
496 2587 664 2679 operibus,
685 2610 756 2677 quae
780 2600 955 2674 statuerat,
975 2611 1051 2654 eum
1071 2588 1208 2657 totidem
1227 2589 1364 2657 navibus

340 2720 439 2798 atque
462 2718 532 2772 erat
559 2703 740 2798 profectus,
765 2705 910 2773 Athenas
935 2726 1161 2798 magnacum
1186 2706 1364 2775 offensione

341 2825 463 2891 civium
473 2847 608 2893 suorum
621 2822 753 2892 rediret.
760 2825 941 2892 Accusatus
950 2849 1028 2917 ergo
1040 2824 1251 2916 proditionis,
1261 2806 1364 2917 quod,

341 2965 445 3034 quum
464 2945 587 3010 Parum
613 2967 802 3036 expugnare
821 2943 945 3036 posset,¹
968 2969 988 3011 a
1007 2968 1083 3039 rege
1103 2958 1291 3038 corruptus,
1313 2947 1364 3011 in-

341 3060 434 3130 fectis
450 3061 564 3146 rebus,
582 3087 600 3129 a
616 3063 726 3155 pugna
742 3061 951 3130 discessisset.
965 3066 1014 3131 Eo
1030 3077 1177 3156 tempore
1194 3087 1280 3157 aeger
1296 3079 1366 3131 erat

284 3203 291 3212 ·
341 3177 554 3268 vulneribus,
570 3206 642 3273 quae
667 3182 701 3248 in
720 3181 942 3276 oppugnando
960 3182 1082 3276 oppido
1100 3199 1281 3276 acceperat.
1298 3187 1365 3251 lta·
1430 3197 1431 3200 ’

276 3344 282 3354 ·
342 3325 428 3394 que,
441 3302 596 3393 quoniam
615 3302 684 3394 ipse
703 3303 766 3394 pro
788 3325 822 3369 se
843 3300 952 3368 dicere
966 3326 1034 3368 non
1054 3317 1177 3403 posset,
1191 3302 1291 3370 verba
1304 3328 1366 3394 pro

342 3445 381 3488 eo
397 3403 592 3487 fecitfrater
607 3420 676 3512 ejus
689 3421 871 3513 Tisagoras
886 3421 993 3487 Causa
1009 3422 1154 3513 cognita,
1177 3422 1293 3514 capitis
1309 3422 1366 3489 ab·

343 3537 483 3622 solutus,
507 3539 647 3631 pecunia
666 3536 824 3610 multatus
849 3553 898 3605 est
918 3563 928 3622 :⁴
946 3563 1048 3630 eaque
1070 3537 1109 3605 lis
1129 3541 1366 3634 quinquaginta

343 3654 475 3725 talentis
489 3657 647 3724 aestimata
661 3671 726 3742 est,
738 3671 879 3748 quantus
894 3657 928 3722 in
944 3655 1078 3727 classem
1096 3673 1245 3751 sumptus
1261 3658 1367 3728 factus

257 3821 260 3840 ,
344 3792 424 3846 erat.
441 3778 535 3843 Hanc
550 3775 828 3869 pecuniam'qund
845 3774 970 3843 solvere
988 3778 1021 3843 in
1037 3780 1209 3868 praesentia
1225 3804 1292 3846 non
1312 3805 1368 3872 po·

345 3910 447 3981 terat,
458 3896 493 3962 in
506 3893 637 3963 vincula
653 3894 782 3988 publica
800 3891 965 3987 conjectus
979 3911 1042 3983 est,
1060 3897 1170 3989 ibique
1184 3897 1270 3965 diem
1287 3900 1369 3968 obiit

345 4040 545 4109 supremum.
