3114 5032
534 459 853 517 ossssvarrouas.
1153 419 1205 516 in

173 584 259 642 uibus
271 584 395 660 ligneis,
412 603 460 640 seu
477 583 605 640 navibus.
626 584 787 640 Herodotus
806 579 938 640 Cimonis
951 577 1124 640 mentionem
1146 585 1211 640 facit

158 678 297 747 (nullam,
316 678 370 732 nisi
391 675 468 750 quod
485 675 642 732 narrationi
658 676 694 731 de
714 686 806 731 morte
824 675 960 732 Miltiadis
983 676 1138 749 abjungit,
1159 677 1209 732 Ci-

173 788 291 830 monem
306 755 393 824 filium
407 768 540 824 mulctam
552 767 713 824 exsolvisse.
731 758 953 824 Concludi'inde
970 777 1075 841 potest,
1088 769 1119 823 id
1135 770 1212 842 quod

176 871 205 917 et
216 860 340 916 historiae
352 859 436 940 series
449 857 611 929 confirmat,
620 878 681 914 non
693 859 848 915 admodum
860 861 976 934 longam
992 858 1076 916 risisse
1089 860 1213 917 Cimonis

177 952 339 1008 custodiam.
355 951 468 1008 Erravit
480 970 549 1006 vero
564 951 710 1007 Cornelius
723 951 754 1005 in
765 952 850 1008 rebus
869 951 1006 1025 gravioris
1023 951 1167 1008 momenti.

215 1043 332 1099 Celebre
355 1043 392 1100 ad
413 1045 543 1117 Mycalen
562 1043 689 1117 praelium
711 1061 771 1098 non
796 1044 973 1099 commissum
996 1055 1038 1100 est
1058 1055 1124 1118 post
1143 1045 1215 1100 illud

177 1135 253 1207 apud
261 1133 367 1190 flumen
376 1136 541 1208 Strymona,
551 1144 652 1208 etpost
665 1134 854 1208 Amphipolin
867 1135 1010 1190 coloniam
1027 1137 1215 1202 constitutam.

177 1227 212 1280 In
226 1227 325 1299 praelio
342 1227 379 1281 ad
396 1227 527 1300 Mycalen
543 1245 604 1286 non
620 1225 674 1281 fuit
688 1225 747 1281 dux
764 1225 874 1282 Cimon.
1117 1288 1119 1292 ¹

213 1319 351 1376 Confudit
363 1329 459 1374 auctor
471 1329 569 1376 noster
580 1319 706 1392 pralium
718 1318 755 1374 ad
768 1320 918 1392 Mycalen,
933 1319 1012 1393 quod
1021 1330 1062 1375 est
1075 1338 1215 1394 promon-

178 1410 282 1465 torium
308 1411 396 1466 Ioniae
419 1411 587 1466 exadversus
609 1413 723 1466 Samum
740 1412 903 1484 percelebre
922 1409 1019 1487 (quod
1032 1431 1141 1468 sacrum
1158 1422 1218 1468 erat

180 1503 219 1558 ob
235 1505 369 1575 templum
383 1503 551 1560 Panionium
562 1523 579 1558 a
594 1503 744 1559 duodecim
761 1504 848 1558 Ioniae
863 1498 1022 1560 civitatibus
1036 1504 1077 1559 ibi
1092 1515 1218 1560 exstruc-

180 1606 251 1664 tum,
268 1605 338 1651 teste
358 1595 522 1664 Herodoto,
539 1596 557 1651 l.
578 1616 606 1665 1,
625 1603 658 1669 p'.'
671 1593 740 1672 69),
754 1615 817 1651 cum
833 1596 884 1652 illo
901 1597 1013 1669 praelio,
1030 1597 1107 1652 haud
1124 1597 1218 1652 minus

180 1687 298 1762 insigni,
307 1687 385 1760 quod
393 1706 497 1742 novem
514 1688 595 1743 annis
608 1697 673 1761 post
688 1687 867 1744 commissum
881 1699 934 1758 est,
948 1688 1066 1744 Cimone
1082 1689 1168 1758 duce,
1181 1689 1219 1746 ad

0 1798 11 1823 a
128 1813 132 1817 -
181 1781 388 1850 Eurymedonta
410 1779 579 1853 Pamphyliae
598 1777 730 1849 fluvium3
752 1797 784 1834 ea
801 1779 918 1837 fortasse
940 1797 1021 1840 causa
1041 1781 1071 1835 in
1095 1772 1218 1837 errorein

181 1872 294 1938 ductus,
314 1870 392 1943 quod
413 1870 444 1924 in
465 1881 583 1944 utroque
609 1871 707 1944 praelio
724 1881 752 1926 et
775 1871 846 1926 mari
866 1882 894 1926 et
906 1881 980 1926 terra
995 1882 1150 1946 pugnatum
1169 1884 1218 1928 est.

182 1963 314 2018 Victoriae
327 1964 488 2018 Graecorum
503 1963 540 2019 ad
555 1963 687 2038 Mycalen
699 1963 821 2035 amplam
834 1963 1053 2037 descriptionem
1066 1964 1146 2020 dedit
1158 1966 1219 2020 He-

182 2055 299 2110 rodotus
312 2055 364 2111 sub
379 2049 465 2112 finem
475 2055 572 2128 operis
588 2054 639 2110 sui.
652 2056 718 2110 Dux
733 2054 850 2110 Graecias·
858 2055 1016 2110 communis
1028 2055 1059 2110 in
1072 2075 1107 2111 eo
1122 2056 1220 2130 praelio

184 2158 244 2204 erat
262 2147 440 2203 Leutichides
460 2146 700 2216 Lacedaemouius‚
724 2145 783 2202 dux
810 2145 1024 2202 Atheniensium
1047 2147 1221 2222 xantippus,

183 2237 296 2294 Periclis
308 2249 396 2311 pater.
415 2238 601 2294 Commissum
625 2256 684 2294 esse
699 2237 800 2294 eodem
815 2237 874 2307 die,
888 2257 945 2311 qno
962 2237 1110 2294 Pausanias
1128 2238 1222 2296 victo·
1264 2255 1268 2267 ·

184 2331 255 2386 riam
268 2332 445 2405 plataeensem
458 2331 628 2404 reportavit,
641 2341 767 2386 asserunt
780 2330 923 2399 historici,
936 2349 1007 2404 quos
1019 2329 1101 2399 novi,
1115 2349 1221 2386 omnes.

224 2425 273 2478 IX.
297 2423 415 2478 Cononis
427 2433 456 2479 et
470 2424 600 2498 Agesilai
612 2423 689 2493 vita,
702 2433 870 2496 comparatae
885 2422 916 2477 in
933 2423 1033 2491 rebus,
1042 2441 1103 2496 qua
1114 2423 1151 2478 ad
1163 2423 1223 2478 Tis-

184 2515 353 2588 saplcemem
367 2514 526 2588 pertinent,
546 2525 678 2588 satrapen
696 2514 800 2589 Lydiae.
824 2513 1008 2572 Eminuerunt
1032 2514 1134 2570 eodem
1150 2525 1224 2570 tem*

184 2625 270 2680 pore,
288 2605 397 2680 aliquot
415 2617 481 2678 post
497 2607 606 2680 bellurn
627 2604 863 2680 peloponnesiuin
884 2605 980 2674 aunis,
999 2605 1102 2661 virmte
1123 2606 1225 2661 bellica
1254 2641 1258 2660 .

184 2700 259 2755 inter
267 2698 497 2762 Lacedaemonios
503 2699 673 2773 Agesilaus,
684 2698 759 2780 inter
771 2697 957 2754 Athenienses
972 2695 1067 2752 Conon
1073 2739 1083 2766 ,
1098 2698 1149 2771 qni
1162 2698 1225 2771 qui-

185 2791 252 2846 dem
266 2791 325 2864 jam
347 2791 401 2847 sub
418 2788 505 2846 finem
527 2791 605 2846 istius
624 2790 693 2846 belli
714 2800 819 2864 praetor
838 2789 928 2844 fuerat
951 2789 1180 2860 Atheniensium,
1198 2801 1226 2847 et

187 2893 286 2955 postea
310 2882 389 2940 inter
402 2885 501 2940 Persas
521 2883 694 2938 versabatur.
719 2881 844 2940 Historia
862 2898 921 2937 non
940 2883 1031 2936 solum
1047 2899 1157 2956 regum,
1177 2884 1238 2952 secl¹

187 2973 271 3028 etiam
295 2983 467 3049 satraparum
486 2974 659 3048 persicorum
679 2975 710 3029 in
727 2974 810 3043 Asia,
829 2975 948 3028 multum
965 2973 1086 3030 illustrat
1104 2993 1149 3032 res
1169 2975 1227 3048 ejus

0 3113 1 3132 ,
97 3111 99 3116 .
187 3064 323 3137 temporis
335 3083 447 3138 graecas.
459 3064 665 3122 Celeberrimus
677 3066 751 3121 inter
767 3084 816 3121 eos
828 3076 869 3120 est
881 3065 1093 3138 Tissaphernes,
1108 3066 1138 3122 in
1150 3067 1228 3140 cujus

187 3155 317 3212 intimam
325 3156 477 3212 amicitiam
483 3157 642 3214 Alcibiades
649 3167 824 3231 pervenerat.
832 3159 859 3212 Is
868 3155 970 3226 dicitur
976 3156 1109 3214 Cornelio
1119 3177 1228 3215 summo

189 3247 283 3304 studio
300 3248 407 3304 bellum
421 3249 536 3322 gessisse
552 3250 684 3306 adversus
699 3249 872 3323 Agesilaum,
888 3253 969 3322 Ages.
987 3251 1071 3320 11;in
1085 3249 1144 3304 vita
1160 3269 1229 3306 vero

192 3340 320 3395 Cononis
333 3339 369 3395 de
382 3339 483 3401 iisdem
495 3341 578 3396 rebus
596 3342 715 3415 loquens
731 3349 829 3396 auctor
842 3339 923 3409 dicit,
934 3340 1004 3395 Con.
1015 3360 1059 3410 rr,
1069 3359 1103 3394 a:
1117 3342 1230 3408 «Qatnu

190 3431 396 3488 Lacedaemonii
406 3432 564 3506 Agesilaum
572 3434 706 3489 bellatum
721 3431 862 3488 misissent
877 3430 908 3485 in
922 3431 1035 3501 Asiam,
1043 3433 1169 3486 maxime
1177 3433 1230 3496 ιίη-

185 3525 295 3597 pulsia
316 3523 504 3600 Tissapherne
509 3565 518 3592 ,
534 3525 584 3598 qui
599 3543 636 3580 ex
650 3525 755 3580 intimis
770 3523 846 3598 regis
863 3522 1030 3598 abamicitia
1045 3522 1104 3595 ejus
1117 3523 1231 3580 defece·
1294 3549 1297 3564 ›

190 3626 249 3684 rat,
263 3627 291 3671 et
303 3635 367 3673 cum
379 3615 599 3672 Lacedaemoniis
612 3616 717 3672 coierat
726 3616 900 3685 societatem3
912 3615 987 3672 hunc
1000 3614 1132 3671 adversus
1145 3615 1233 3672 Phar·

192 3707 314 3764 nabazus
335 3707 448 3762 habitus
468 3719 510 3763 est
525 3708 695 3781 imperator,
710 3726 742 3764 re
762 3707 876 3782 quidem
888 3715 960 3764 ¹vera
976 3705 1110 3766 exercitui
1122 3707 1234 3782 prefuit

193 3800 303 3855 Conon.
322 3801 387 3870 ”El
401 3819 461 3874 cap.
476 3820 539 3863 111:
557 3825 569 3850 s
584 3800 732 3856 Deiecerat
749 3819 765 3856 a
779 3818 846 3874 rege
859 3799 1074 3874 Tissaphemes‚
1095 3818 1187 3874 neque
1203 3799 1234 3855 id

192 3902 250 3946 tam
267 3893 432 3962 Artaxerxi,
446 3911 530 3965 quam
547 3892 659 3960 ceteris,
676 3902 735 3948 erat
752 3902 888 3966 apertam,
903 3915 917 3942 a

233 3987 299 4042 Hac
316 3985 372 4042 sibi
384 3985 596 4060 contradicunt,
609 3996 657 4042 aut
670 3985 708 4040 ad
725 3985 873 4040 minimmn
886 3985 1079 4042 contradicere
1092 3983 1233 4042 videntur.

194 4081 229 4134 Iu
242 4079 300 4134 vita
312 4065 435 4152 Agesilai
448 4078 577 4134 laudibus
595 4077 706 4134 extollit
722 4079 798 4133 hunc
811 4077 1027 4150 imperatorem,
1044 4077 1122 4150 quod
1137 4077 1236 4132 vicerit
1346 4124 1348 4132 s

1033 4173 1086 4245 sl.
