3198 5174
625 503 806 558 narrares.
1035 488 1048 568 ’ζ
1185 502 1220 569 7³

208 649 285 694 cum
301 639 390 712 octo,
409 625 643 695 Armeniorum
659 624 787 710 decem,
807 609 1054 721 Paphlagonum
1073 630 1230 722 quinque,

208 742 376 838 Phrygum
402 743 532 830 decem,
551 745 720 837 Lydorum
747 747 911 836 quinque,
934 746 1175 839 Aspendiorum
1197 762 1232 817 et

209 861 390 932 Pisidarum
408 863 539 930 circiter
558 863 640 950 tria,
656 861 798 932 Cilicum
817 864 903 961 duo,
925 865 1160 957 Captianorum
1180 880 1231 936 to-

210 978 326 1066 tidem,
339 1005 380 1057 ex
398 980 528 1070 Graecia
547 981 787 1050 conductorum
807 985 871 1052 tria
894 981 1012 1069 millia;
1031 981 1110 1050 levis
1125 1007 1230 1052 arma·
1318 1049 1320 1054 ,

209 1111 288 1184 turae
304 1103 485 1169 maximum
501 1125 684 1168 numerum.
694 1105 760 1170 Has
774 1101 927 1171 adversus
943 1103 1053 1195 copias
1072 1126 1144 1194 spes
1159 1126 1231 1174 om·

199 1219 260 1286 nis
284 1218 482 1300 consistebat
501 1218 633 1289 Datami
654 1219 689 1286 in
709 1244 743 1287 se
767 1218 895 1313 locique
920 1199 1038 1288 natura
1063 1243 1231 1313 :namque
1266 1313 1267 1316 Ἴ

207 1335 305 1426 hujus
326 1351 454 1428 partem
473 1363 541 1406 non
565 1337 706 1406 babebat
723 1336 910 1407 vicesimam
932 1337 1083 1407 militum.
1103 1337 1230 1426 Quibus
1297 1420 1299 1426 Ι

207 1452 310 1522 fretus
327 1455 492 1540 conflixit,
504 1454 830 1548 adversariorumque
843 1454 947 1525 multa
959 1454 1061 1524 millia
1073 1454 1231 1542 concidit;

209 1596 311 1664 quum
328 1571 369 1650 de
381 1573 484 1664 ipsius
497 1573 642 1641 exercitu
658 1597 725 1640 non
739 1572 878 1666 amplius
889 1575 1061 1642 hominum
1074 1571 1163 1642 mille
1179 1598 1231 1642 ce-

210 1689 338 1758 cidisset
354 1715 363 1757 :
381 1715 480 1782 quam
494 1691 538 1759 ob
557 1716 686 1760 causam
702 1706 834 1785 postero
858 1691 910 1759 die
931 1707 1089 1784 tropaeum
1106 1693 1231 1784 posuit,

208 1832 274 1900 quo
297 1806 369 1876 loco
385 1807 491 1901 pridie
511 1822 695 1902 pugnatum
715 1823 795 1878 erat.
813 1809 898 1878 Hinc
917 1834 1019 1902 quum
1040 1824 1146 1878 eastra
1165 1834 1232 1878 mo·

207 1926 320 2015 visset,
337 1951 528 2019 semperque
541 1927 677 1996 inferior
685 1928 805 2020 copiis,
823 1929 971 2020 superior
986 1927 1139 1995 omnibus
1151 1953 1233 2021 proa-

209 2041 260 2112 liis
281 2043 475 2131 discederet,
495 2044 584 2137 quod
607 2069 776 2138 nunquam
796 2069 930 2112 manum
952 2059 1150 2128 consereret,
1169 2046 1233 2114 nisi

208 2187 311 2254 quum
324 2162 529 2232 adversarios
540 2163 688 2232 locorum
705 2164 863 2257 angustiis
880 2161 1064 2249 clausisset,
1078 2163 1167 2254 quod
1176 2189 1233 2257 pe·

181 2349 184 2356 A
209 2281 274 2349 rito
292 2281 464 2374 regionum
481 2280 662 2374 callideque
681 2283 838 2376 cogitanti
856 2305 944 2374 saepe
959 2280 1140 2366 accidebat;
1161 2287 1231 2350 Au·

210 2399 437 2492 tophradates,
453 2424 555 2493 quum
565 2398 695 2470 -bellum
712 2399 788 2468 duci
802 2400 926 2492 majore
939 2401 1024 2494 regis
1035 2399 1233 2488 calamitate,

210 2541 309 2612 quam
331 2518 612 2604 adversariorum,
632 2517 771 2604 videret,
791 2517 833 2587 ad
857 2542 970 2612 pacem
992 2518 1234 2611 amicitiamque

210 2639 359 2708 hortatus
380 2652 444 2725 est,
460 2652 496 2707 ut
512 2663 586 2706 cum
606 2661 682 2731 rege
698 2638 732 2704 in
749 2639 887 2732 gratiam
907 2637 1038 2706 rediret.
1056 2638 1163 2726 Quam
1179 2635 1234 2706 ille

208 2757 268 2826 etsi
287 2757 387 2826 fidam
402 2781 469 2826 non
483 2756 554 2825 sore
567 2756 724 2850 putabat,
736 2771 845 2824 tamen
861 2756 1082 2854 conditionem
1099 2757 1234 2849 aceepit,

209 2900 306 2968 seque
323 2875 365 2944 ad
379 2880 593 2948 Artaxerxem
603 2873 727 2969 legatos
740 2877 914 2943 missurum
932 2873 1022 2942 dixit.
1034 2875 1086 2942 Sic
1095 2872 1233 2949 bellum.

125 3052 129 3060 .
208 2993 297 3084 quod
313 3019 370 3062 rex
385 2975 539 3062 adversus
554 2997 727 3064 Datamem
742 3007 927 3086 susceperat
944 2991 1091 3062 sedatum
1109 3017 1117 3060 :
1134 2995 1235 3061 Auto-

117 3165 125 3174 -
209 3113 383 3205 phradates
398 3113 433 3180 in
449 3112 676 3206 Phrygiam'se
695 3113 828 3204 recepit.

254 3234 314 3300 IX.
325 3237 370 3300 At
385 3256 456 3318 rex,
474 3231 563 3324 qnod
581 3227 787 3324 implacabile
805 3228 917 3296 odium
927 3230 962 3296 in
978 3232 1151 3298 Datamem
1165 3253 1234 3296 sus·

210 3330 357 3444 ceperat,
373 3362 547 3444 postquam
559 3347 646 3420 bello
658 3372 732 3416 eum
747 3347 890 3440 opprimi
900 3371 967 3414 non
984 3371 1077 3438 posse
1089 3347 1234 3414 animad-

208 3470 324 3555 vertit,
348 3467 475 3537 insidiis
497 3467 680 3538 interficere
707 3464 855 3534 studuit:
881 3487 961 3556 quas
983 3463 1039 3531 ille
1062 3463 1233 3558 plerasque

208 3588 333 3655 vitavit.
350 3588 442 3656 Sicut
459 3610 561 3678 quum
582 3587 771 3678 nuntiatum
788 3597 884 3669 esset,
902 3582 1140 3675 quosdam·sibi
1153 3585 1232 3652 insi·

208 3704 306 3791 diari,
322 3705 379 3797 qui
397 3705 431 3770 in
450 3704 629 3772 amicorum
647 3717 742 3772 erant
760 3726 898 3770 numero
915 3700 970 3795 (de
990 3701 1123 3793 quibus,
1142 3702 1232 3795 quod

114 3799 118 3808 ⁶
211 3825 337 3894 inimici
361 3822 561 3910 detulerant,
578 3845 684 3915 neque
704 3821 918 3906 credendum,
939 3845 1044 3914 neque
1065 3819 1233 3914 negligon·
1341 3895 1343 3900 ,

208 3943 287 4012 dum
302 3942 457 4038 putavit),
472 3942 613 4034 experiri
630 3939 749 4027 voluit,
765 3965 881 4008 verum
897 3937 1057 4008 falsumne
1078 3953 1160 4008 esset
1180 3963 1233 4007 re·
1251 3951 1256 3956 “

208 4059 321 4132 latum.
338 4067 454 4155 Itaque
471 4085 510 4129 eo
530 4059 695 4162 profectus
710 4072 773 4148 est,
790 4083 856 4150 quo
875 4058 992 4126 itinere
1007 4054 1134 4126 futuras
1153 4057 1232 4126 insi·
