<?xml version="1.0" encoding="UTF-8"?>
<!DOCTYPE html PUBLIC "-//W3C//DTD XHTML 1.0 Transitional//EN"
    "http://www.w3.org/TR/xhtml1/DTD/xhtml1-transitional.dtd">
<html xmlns="http://www.w3.org/1999/xhtml" xml:lang="en" lang="en">
 <head>
  <title>
</title>
<meta http-equiv="Content-Type" content="text/html;charset=utf-8" />
  <meta name='ocr-system' content='tesseract 3.04.00' />
  <meta name='ocr-capabilities' content='ocr_page ocr_carea ocr_par ocr_line ocrx_word'/>
</head>
<body>
  <div class='ocr_page' id='page_1' title='image "./corneliinepotio00nepogoog_0034.png"; bbox 0 0 3198 5174; ppageno 0'>
   <div class='ocr_carea' id='block_1_1' title="bbox 600 639 1262 701">
    <p class='ocr_par' dir='ltr' id='par_1_1' title="bbox 600 639 1262 701">
     <span class='ocr_line' id='line_1_1' title="bbox 600 639 1262 701; baseline 0.015 -10"><span class='ocrx_word' id='word_1_1' title='bbox 600 639 890 697; x_wconf 82' lang='lat' dir='ltr'>THEMISTOCLES.</span> <span class='ocrx_word' id='word_1_2' title='bbox 1228 648 1262 701; x_wconf 82' lang='lat'><strong>13</strong></span> 
     </span>
    </p>
   </div>
   <div class='ocr_carea' id='block_1_2' title="bbox 167 769 1297 1816">
    <p class='ocr_par' dir='ltr' id='par_1_2' title="bbox 167 769 1297 1816">
     <span class='ocr_line' id='line_1_2' title="bbox 235 769 1262 870; baseline 0.009 -33"><span class='ocrx_word' id='word_1_3' title='bbox 235 793 474 862; x_wconf 88' lang='lat' dir='ltr'><strong>oppressurum.</strong></span> <span class='ocrx_word' id='word_1_4' title='bbox 497 799 512 832; x_wconf 87' lang='lat'>»</span> <span class='ocrx_word' id='word_1_5' title='bbox 537 773 609 836; x_wconf 88' lang='lat' dir='ltr'><strong>Hoc</strong></span> <span class='ocrx_word' id='word_1_6' title='bbox 631 795 670 837; x_wconf 89' lang='lat' dir='ltr'><strong>eo</strong></span> <span class='ocrx_word' id='word_1_7' title='bbox 695 769 839 855; x_wconf 89' lang='lat' dir='ltr'><strong>valebat,</strong></span> <span class='ocrx_word' id='word_1_8' title='bbox 862 786 899 837; x_wconf 93' lang='lat' dir='ltr'><strong>ut</strong></span> <span class='ocrx_word' id='word_1_9' title='bbox 922 773 1070 865; x_wconf 89' lang='lat' dir='ltr'><strong>ingratiis</strong></span> <span class='ocrx_word' id='word_1_10' title='bbox 1099 777 1140 843; x_wconf 89' lang='lat' dir='ltr'><strong>ad</strong></span> <span class='ocrx_word' id='word_1_11' title='bbox 1160 776 1262 870; x_wconf 91' lang='lat' dir='ltr'><strong>depu-</strong></span> 
     </span>
     <span class='ocr_line' id='line_1_3' title="bbox 234 889 1261 982; baseline 0.01 -28"><span class='ocrx_word' id='word_1_12' title='bbox 234 889 400 980; x_wconf 89' lang='lat' dir='ltr'><strong>gnandum</strong></span> <span class='ocrx_word' id='word_1_13' title='bbox 421 913 534 955; x_wconf 89' lang='lat' dir='ltr'><strong>omnes</strong></span> <span class='ocrx_word' id='word_1_14' title='bbox 557 903 763 980; x_wconf 77' lang='lat' dir='ltr'><strong>cogerentur.</strong></span> <span class='ocrx_word' id='word_1_15' title='bbox 789 893 859 958; x_wconf 90' lang='lat' dir='ltr'><strong>Hac</strong></span> <span class='ocrx_word' id='word_1_16' title='bbox 881 913 917 956; x_wconf 92' lang='lat' dir='ltr'><strong>re</strong></span> <span class='ocrx_word' id='word_1_17' title='bbox 938 890 1061 979; x_wconf 88' lang='lat' dir='ltr'><strong>audita,</strong></span> <span class='ocrx_word' id='word_1_18' title='bbox 1083 895 1261 982; x_wconf 90' lang='lat' dir='ltr'><strong>Barbarus,</strong></span> 
     </span>
     <span class='ocr_line' id='line_1_4' title="bbox 167 1005 1261 1099; baseline 0.008 -26"><span class='ocrx_word' id='word_1_19' title='bbox 167 1058 171 1065; x_wconf 82' lang='lat'>.</span> <span class='ocrx_word' id='word_1_20' title='bbox 233 1005 315 1074; x_wconf 91' lang='lat' dir='ltr'>nihil</span> <span class='ocrx_word' id='word_1_21' title='bbox 329 1005 395 1074; x_wconf 93' lang='lat' dir='ltr'><strong>doli</strong></span> <span class='ocrx_word' id='word_1_22' title='bbox 405 1008 535 1074; x_wconf 86' lang='lat' dir='ltr'><strong>subesse</strong></span> <span class='ocrx_word' id='word_1_23' title='bbox 545 1007 698 1090; x_wconf 86' lang='lat' dir='ltr'><strong>credens,</strong></span> <span class='ocrx_word' id='word_1_24' title='bbox 715 1007 1090 1099; x_wconf 85' lang='lat' dir='ltr'><strong>postridiealienissimo</strong></span> <span class='ocrx_word' id='word_1_25' title='bbox 1101 1011 1162 1080; x_wconf 91' lang='lat' dir='ltr'><strong>sibi</strong></span> <span class='ocrx_word' id='word_1_26' title='bbox 1176 1012 1261 1099; x_wconf 88' lang='lat' dir='ltr'><strong>loco,</strong></span> 
     </span>
     <span class='ocr_line' id='line_1_5' title="bbox 231 1122 1262 1219; baseline 0.008 -27"><span class='ocrx_word' id='word_1_27' title='bbox 231 1141 345 1194; x_wconf 90' lang='lat' dir='ltr'><strong>contra</strong></span> <span class='ocrx_word' id='word_1_28' title='bbox 362 1127 642 1218; x_wconf 91' lang='lat' dir='ltr'><strong>opportunissimo</strong></span> <span class='ocrx_word' id='word_1_29' title='bbox 652 1126 820 1213; x_wconf 84' lang='lat' dir='ltr'><strong>hostibus,</strong></span> <span class='ocrx_word' id='word_1_30' title='bbox 837 1126 919 1194; x_wconf 91' lang='lat' dir='ltr'><strong>adeo</strong></span> <span class='ocrx_word' id='word_1_31' title='bbox 932 1122 1072 1219; x_wconf 86' lang='lat' dir='ltr'><strong>angusto</strong></span> <span class='ocrx_word' id='word_1_32' title='bbox 1085 1133 1167 1215; x_wconf 89' lang='lat' dir='ltr'><strong>mari</strong></span> <span class='ocrx_word' id='word_1_33' title='bbox 1184 1157 1262 1200; x_wconf 90' lang='lat' dir='ltr'><strong>con-</strong></span> 
     </span>
     <span class='ocr_line' id='line_1_6' title="bbox 229 1243 1259 1339; baseline 0.008 -29"><span class='ocrx_word' id='word_1_34' title='bbox 229 1244 328 1331; x_wconf 85' lang='lat' dir='ltr'><strong>flixit,</strong></span> <span class='ocrx_word' id='word_1_35' title='bbox 347 1260 386 1312; x_wconf 92' lang='lat' dir='ltr'><strong>ut</strong></span> <span class='ocrx_word' id='word_1_36' title='bbox 401 1246 471 1336; x_wconf 90' lang='lat' dir='ltr'><strong>ejus</strong></span> <span class='ocrx_word' id='word_1_37' title='bbox 489 1243 668 1312; x_wconf 91' lang='lat' dir='ltr'><strong>multitudo</strong></span> <span class='ocrx_word' id='word_1_38' title='bbox 686 1247 820 1312; x_wconf 87' lang='lat' dir='ltr'><strong>navium</strong></span> <span class='ocrx_word' id='word_1_39' title='bbox 843 1244 997 1338; x_wconf 87' lang='lat' dir='ltr'><strong>explicari</strong></span> <span class='ocrx_word' id='word_1_40' title='bbox 1019 1271 1087 1314; x_wconf 93' lang='lat' dir='ltr'><strong>non</strong></span> <span class='ocrx_word' id='word_1_41' title='bbox 1100 1251 1259 1339; x_wconf 86' lang='lat' dir='ltr'><strong>potuerit.</strong></span> 
     </span>
     <span class='ocr_line' id='line_1_7' title="bbox 229 1349 1260 1458; baseline 0.006 -29"><span class='ocrx_word' id='word_1_42' title='bbox 229 1365 347 1431; x_wconf 79' lang='lat' dir='ltr'><strong>Victus</strong></span> <span class='ocrx_word' id='word_1_43' title='bbox 361 1388 440 1457; x_wconf 83' lang='lat' dir='ltr'><strong>ergo</strong></span> <span class='ocrx_word' id='word_1_44' title='bbox 456 1376 506 1431; x_wconf 86' lang='lat' dir='ltr'><strong>est</strong></span> <span class='ocrx_word' id='word_1_45' title='bbox 517 1349 624 1456; x_wconf 80' lang='lat' dir='ltr'><strong>¹magis</strong></span> <span class='ocrx_word' id='word_1_46' title='bbox 638 1362 778 1430; x_wconf 88' lang='lat' dir='ltr'><strong>consilio</strong></span> <span class='ocrx_word' id='word_1_47' title='bbox 793 1363 1039 1452; x_wconf 82' lang='lat' dir='ltr'><strong>Themistoclis,</strong></span> <span class='ocrx_word' id='word_1_48' title='bbox 1050 1390 1150 1458; x_wconf 91' lang='lat' dir='ltr'><strong>quam</strong></span> <span class='ocrx_word' id='word_1_49' title='bbox 1160 1370 1260 1435; x_wconf 89' lang='lat' dir='ltr'><strong>armis</strong></span> 
     </span>
     <span class='ocr_line' id='line_1_8' title="bbox 234 1483 1219 1553; baseline 0.001 -1"><span class='ocrx_word' id='word_1_50' title='bbox 234 1483 377 1552; x_wconf 84' lang='lat' dir='ltr'><strong>Graeciae.</strong></span> <span class='ocrx_word' id='word_1_51' title='bbox 1217 1547 1219 1553; x_wconf 82' lang='grc'>,</span> 
     </span>
     <span class='ocr_line' id='line_1_9' title="bbox 277 1583 1297 1696; baseline 0.001 -26"><span class='ocrx_word' id='word_1_52' title='bbox 277 1605 318 1670; x_wconf 90' lang='lat' dir='ltr'><strong>V.</strong></span> <span class='ocrx_word' id='word_1_53' title='bbox 335 1604 398 1670; x_wconf 88' lang='lat' dir='ltr'><strong>Hic</strong></span> <span class='ocrx_word' id='word_1_54' title='bbox 415 1605 476 1670; x_wconf 91' lang='lat' dir='ltr'><strong>etsi</strong></span> <span class='ocrx_word' id='word_1_55' title='bbox 494 1599 580 1670; x_wconf 89' lang='lat' dir='ltr'><strong>male</strong></span> <span class='ocrx_word' id='word_1_56' title='bbox 598 1626 669 1669; x_wconf 92' lang='lat' dir='ltr'><strong>rem</strong></span> <span class='ocrx_word' id='word_1_57' title='bbox 685 1617 843 1696; x_wconf 84' lang='lat' dir='ltr'><strong>gesserat,</strong></span> <span class='ocrx_word' id='word_1_58' title='bbox 861 1619 972 1672; x_wconf 90' lang='lat' dir='ltr'><strong>tamen</strong></span> <span class='ocrx_word' id='word_1_59' title='bbox 994 1618 1100 1672; x_wconf 88' lang='lat' dir='ltr'><strong>tantas</strong></span> <span class='ocrx_word' id='word_1_60' title='bbox 1116 1605 1260 1673; x_wconf 90' lang='lat' dir='ltr'><strong>habebat</strong></span> <span class='ocrx_word' id='word_1_61' title='bbox 1295 1583 1297 1592; x_wconf 33' lang='grc' dir='ltr'>Ι</span> 
     </span>
     <span class='ocr_line' id='line_1_10' title="bbox 234 1720 1259 1816; baseline 0.002 -28"><span class='ocrx_word' id='word_1_62' title='bbox 234 1720 386 1813; x_wconf 84' lang='lat' dir='ltr'><strong>reliquias</strong></span> <span class='ocrx_word' id='word_1_63' title='bbox 405 1723 593 1813; x_wconf 75' lang='lat' dir='ltr'><strong>copiarum,</strong></span> <span class='ocrx_word' id='word_1_64' title='bbox 614 1735 651 1788; x_wconf 92' lang='lat' dir='ltr'><strong>ut</strong></span> <span class='ocrx_word' id='word_1_65' title='bbox 665 1721 762 1788; x_wconf 87' lang='lat' dir='ltr'><strong>etiam</strong></span> <span class='ocrx_word' id='word_1_66' title='bbox 783 1746 858 1789; x_wconf 87' lang='lat' dir='ltr'><strong>cum</strong></span> <span class='ocrx_word' id='word_1_67' title='bbox 876 1722 927 1790; x_wconf 91' lang='lat' dir='ltr'><strong>his</strong></span> <span class='ocrx_word' id='word_1_68' title='bbox 945 1723 1132 1814; x_wconf 85' lang='lat' dir='ltr'><strong>opprimere</strong></span> <span class='ocrx_word' id='word_1_69' title='bbox 1149 1739 1259 1816; x_wconf 91' lang='lat' dir='ltr'><strong>posset</strong></span> 
     </span>
    </p>
   </div>
   <div class='ocr_carea' id='block_1_3' title="bbox 229 1829 1270 1941">
    <p class='ocr_par' dir='ltr' id='par_1_3' title="bbox 229 1829 1270 1941">
     <span class='ocr_line' id='line_1_11' title="bbox 229 1829 1270 1941; baseline 0.006 -36"><span class='ocrx_word' id='word_1_70' title='bbox 229 1840 348 1941; x_wconf 56' lang='lat' dir='ltr'><strong>hosges.</strong></span> <span class='ocrx_word' id='word_1_71' title='bbox 371 1841 508 1909; x_wconf 85' lang='lat' dir='ltr'><strong>Interim</strong></span> <span class='ocrx_word' id='word_1_72' title='bbox 524 1840 693 1908; x_wconf 86' lang='lat' dir='ltr'><strong>abeodem</strong></span> <span class='ocrx_word' id='word_1_73' title='bbox 710 1829 815 1934; x_wconf 82' lang='lat' dir='ltr'><strong>gradu</strong></span> <span class='ocrx_word' id='word_1_74' title='bbox 831 1840 986 1934; x_wconf 89' lang='lat' dir='ltr'><strong>depulsus</strong></span> <span class='ocrx_word' id='word_1_75' title='bbox 999 1857 1057 1909; x_wconf 90' lang='lat' dir='ltr'><strong>est.</strong></span> <span class='ocrx_word' id='word_1_76' title='bbox 1072 1845 1159 1912; x_wconf 90' lang='lat' dir='ltr'><strong>Nam</strong></span> <span class='ocrx_word' id='word_1_77' title='bbox 1174 1843 1270 1911; x_wconf 80' lang='lat' dir='ltr'><strong>The·-</strong></span> 
     </span>
    </p>
   </div>
   <div class='ocr_carea' id='block_1_4' title="bbox 221 1959 1333 4326">
    <p class='ocr_par' dir='ltr' id='par_1_4' title="bbox 224 1959 1261 3254">
     <span class='ocr_line' id='line_1_12' title="bbox 228 1959 1257 2053; baseline 0 -23"><span class='ocrx_word' id='word_1_78' title='bbox 228 1959 408 2044; x_wconf 86' lang='lat' dir='ltr'><strong>mistocles,</strong></span> <span class='ocrx_word' id='word_1_79' title='bbox 423 1985 541 2048; x_wconf 84' lang='lat' dir='ltr'><strong>verens</strong></span> <span class='ocrx_word' id='word_1_80' title='bbox 552 1985 594 2028; x_wconf 93' lang='lat' dir='ltr'><strong>ne</strong></span> <span class='ocrx_word' id='word_1_81' title='bbox 607 1959 730 2028; x_wconf 89' lang='lat' dir='ltr'><strong>bellare</strong></span> <span class='ocrx_word' id='word_1_82' title='bbox 745 1975 981 2053; x_wconf 88' lang='lat' dir='ltr'><strong>perseveraret,</strong></span> <span class='ocrx_word' id='word_1_83' title='bbox 997 1961 1169 2029; x_wconf 87' lang='lat' dir='ltr'><strong>certiorem</strong></span> <span class='ocrx_word' id='word_1_84' title='bbox 1182 1986 1257 2030; x_wconf 88' lang='lat' dir='ltr'><strong>enm</strong></span> 
     </span>
     <span class='ocr_line' id='line_1_13' title="bbox 227 2076 1256 2172; baseline 0.001 -25"><span class='ocrx_word' id='word_1_85' title='bbox 227 2080 323 2166; x_wconf 86' lang='lat' dir='ltr'><strong>fecit,</strong></span> <span class='ocrx_word' id='word_1_86' title='bbox 337 2110 353 2146; x_wconf 75' lang='lat' dir='ltr'><strong>a</strong></span> <span class='ocrx_word' id='word_1_87' title='bbox 365 2080 404 2147; x_wconf 93' lang='lat' dir='ltr'><strong>Id</strong></span> <span class='ocrx_word' id='word_1_88' title='bbox 425 2081 499 2172; x_wconf 88' lang='lat' dir='ltr'><strong>agi,</strong></span> <span class='ocrx_word' id='word_1_89' title='bbox 521 2094 558 2146; x_wconf 91' lang='lat' dir='ltr'><strong>ut</strong></span> <span class='ocrx_word' id='word_1_90' title='bbox 580 2103 678 2172; x_wconf 92' lang='lat' dir='ltr'><strong>pons,</strong></span> <span class='ocrx_word' id='word_1_91' title='bbox 699 2103 797 2171; x_wconf 89' lang='lat' dir='ltr'><strong>quem</strong></span> <span class='ocrx_word' id='word_1_92' title='bbox 819 2077 873 2144; x_wconf 91' lang='lat' dir='ltr'><strong>ille</strong></span> <span class='ocrx_word' id='word_1_93' title='bbox 890 2080 923 2145; x_wconf 93' lang='lat' dir='ltr'><strong>in</strong></span> <span class='ocrx_word' id='word_1_94' title='bbox 941 2076 1154 2171; x_wconf 85' lang='lat' dir='ltr'><strong>Hellesponto</strong></span> <span class='ocrx_word' id='word_1_95' title='bbox 1173 2080 1256 2148; x_wconf 89' lang='lat' dir='ltr'><strong>fece-</strong></span> 
     </span>
     <span class='ocr_line' id='line_1_14' title="bbox 227 2195 1256 2285; baseline 0.001 -19"><span class='ocrx_word' id='word_1_96' title='bbox 227 2216 296 2282; x_wconf 83' lang='lat' dir='ltr'><strong>rat,</strong></span> <span class='ocrx_word' id='word_1_97' title='bbox 306 2197 556 2285; x_wconf 88' lang='lat' dir='ltr'><strong>dissolveretur,</strong></span> <span class='ocrx_word' id='word_1_98' title='bbox 569 2223 608 2265; x_wconf 89' lang='lat' dir='ltr'><strong>ac</strong></span> <span class='ocrx_word' id='word_1_99' title='bbox 620 2198 727 2266; x_wconf 91' lang='lat' dir='ltr'><strong>reditu</strong></span> <span class='ocrx_word' id='word_1_100' title='bbox 741 2200 774 2264; x_wconf 92' lang='lat' dir='ltr'><strong>in</strong></span> <span class='ocrx_word' id='word_1_101' title='bbox 792 2199 904 2266; x_wconf 82' lang='lat' dir='ltr'><strong>Asiam</strong></span> <span class='ocrx_word' id='word_1_102' title='bbox 920 2195 1166 2284; x_wconf 81' lang='lat' dir='ltr'><strong>excluderetur3</strong></span> <span class='ocrx_word' id='word_1_103' title='bbox 1179 2199 1256 2266; x_wconf 77' lang='lat' dir='ltr'>«Id-</span> 
     </span>
     <span class='ocr_line' id='line_1_15' title="bbox 228 2311 1253 2412; baseline -0.002 -25"><span class='ocrx_word' id='word_1_104' title='bbox 228 2345 293 2412; x_wconf 91' lang='lat' dir='ltr'><strong>que</strong></span> <span class='ocrx_word' id='word_1_105' title='bbox 309 2321 339 2386; x_wconf 86' lang='lat' dir='ltr'><strong>ci</strong></span> <span class='ocrx_word' id='word_1_106' title='bbox 355 2318 526 2410; x_wconf 88' lang='lat' dir='ltr'><strong>persuasit.</strong></span> <span class='ocrx_word' id='word_1_107' title='bbox 548 2321 683 2408; x_wconf 92' lang='lat' dir='ltr'><strong>ltaque,</strong></span> <span class='ocrx_word' id='word_1_108' title='bbox 704 2340 769 2407; x_wconf 91' lang='lat' dir='ltr'><strong>qua</strong></span> <span class='ocrx_word' id='word_1_109' title='bbox 785 2339 839 2383; x_wconf 84' lang='lat' dir='ltr'><strong>sex</strong></span> <span class='ocrx_word' id='word_1_110' title='bbox 849 2315 1022 2383; x_wconf 90' lang='lat' dir='ltr'><strong>mensibus</strong></span> <span class='ocrx_word' id='word_1_111' title='bbox 1040 2317 1102 2384; x_wconf 88' lang='lat' dir='ltr'><strong>iter</strong></span> <span class='ocrx_word' id='word_1_112' title='bbox 1116 2311 1235 2385; x_wconf 82' lang='lat' dir='ltr'><strong>fecerat</strong></span> <span class='ocrx_word' id='word_1_113' title='bbox 1244 2370 1253 2402; x_wconf 90' lang='lat'>‚</span> 
     </span>
     <span class='ocr_line' id='line_1_16' title="bbox 227 2435 1255 2528; baseline -0.003 -22"><span class='ocrx_word' id='word_1_114' title='bbox 227 2438 340 2506; x_wconf 88' lang='lat' dir='ltr'><strong>eadem</strong></span> <span class='ocrx_word' id='word_1_115' title='bbox 360 2437 471 2504; x_wconf 90' lang='lat' dir='ltr'><strong>minus</strong></span> <span class='ocrx_word' id='word_1_116' title='bbox 488 2436 601 2503; x_wconf 88' lang='lat' dir='ltr'><strong>diebus</strong></span> <span class='ocrx_word' id='word_1_117' title='bbox 620 2435 756 2528; x_wconf 83' lang='lat' dir='ltr'><strong>triginta</strong></span> <span class='ocrx_word' id='word_1_118' title='bbox 776 2435 809 2500; x_wconf 93' lang='lat' dir='ltr'><strong>in</strong></span> <span class='ocrx_word' id='word_1_119' title='bbox 824 2435 935 2502; x_wconf 84' lang='lat' dir='ltr'><strong>Asiam</strong></span> <span class='ocrx_word' id='word_1_120' title='bbox 954 2457 1102 2502; x_wconf 88' lang='lat' dir='ltr'><strong>reversus</strong></span> <span class='ocrx_word' id='word_1_121' title='bbox 1117 2448 1185 2520; x_wconf 88' lang='lat' dir='ltr'><strong>est,</strong></span> <span class='ocrx_word' id='word_1_122' title='bbox 1206 2461 1255 2503; x_wconf 91' lang='lat' dir='ltr'><strong>se-</strong></span> 
     </span>
     <span class='ocr_line' id='line_1_17' title="bbox 226 2543 1257 2651; baseline -0.006 -25"><span class='ocrx_word' id='word_1_123' title='bbox 226 2583 292 2651; x_wconf 91' lang='lat' dir='ltr'><strong>qne</strong></span> <span class='ocrx_word' id='word_1_124' title='bbox 306 2583 324 2624; x_wconf 88' lang='lat' dir='ltr'><strong>a</strong></span> <span class='ocrx_word' id='word_1_125' title='bbox 341 2553 560 2627; x_wconf 78' lang='lat' dir='ltr'><strong>Themistocle</strong></span> <span class='ocrx_word' id='word_1_126' title='bbox 576 2577 644 2624; x_wconf 88' lang='lat' dir='ltr'><strong>non</strong></span> <span class='ocrx_word' id='word_1_127' title='bbox 661 2543 851 2644; x_wconf 89' lang='lat' dir='ltr'><strong>superatum</strong></span> <span class='ocrx_word' id='word_1_128' title='bbox 863 2605 872 2637; x_wconf 87' lang='lat'><strong>,</strong></span> <span class='ocrx_word' id='word_1_129' title='bbox 884 2552 940 2620; x_wconf 90' lang='lat' dir='ltr'><strong>sed</strong></span> <span class='ocrx_word' id='word_1_130' title='bbox 958 2565 1187 2620; x_wconf 89' lang='lat' dir='ltr'><strong>conservatum</strong></span> <span class='ocrx_word' id='word_1_131' title='bbox 1202 2553 1257 2644; x_wconf 91' lang='lat' dir='ltr'><strong>ju·</strong></span> 
     </span>
     <span class='ocr_line' id='line_1_18' title="bbox 226 2667 1255 2765; baseline -0.009 -18"><span class='ocrx_word' id='word_1_132' title='bbox 226 2679 355 2748; x_wconf 84' lang='lat' dir='ltr'><strong>dicavit.</strong></span> <span class='ocrx_word' id='word_1_133' title='bbox 384 2677 438 2744; x_wconf 88' lang='lat' dir='ltr'><strong>Sic</strong></span> <span class='ocrx_word' id='word_1_134' title='bbox 464 2675 562 2758; x_wconf 87' lang='lat' dir='ltr'><strong>unius</strong></span> <span class='ocrx_word' id='word_1_135' title='bbox 591 2674 653 2740; x_wconf 76' lang='lat' dir='ltr'><strong>riri</strong></span> <span class='ocrx_word' id='word_1_136' title='bbox 677 2670 849 2765; x_wconf 91' lang='lat' dir='ltr'><strong>prudentia</strong></span> <span class='ocrx_word' id='word_1_137' title='bbox 874 2670 1002 2739; x_wconf 75' lang='lat' dir='ltr'><strong>Graecia</strong></span> <span class='ocrx_word' id='word_1_138' title='bbox 1026 2667 1164 2738; x_wconf 89' lang='lat' dir='ltr'><strong>liberata</strong></span> <span class='ocrx_word' id='word_1_139' title='bbox 1189 2685 1255 2755; x_wconf 90' lang='lat' dir='ltr'><strong>est,</strong></span> 
     </span>
     <span class='ocr_line' id='line_1_19' title="bbox 225 2790 1261 2891; baseline -0.007 -24"><span class='ocrx_word' id='word_1_140' title='bbox 225 2800 432 2891; x_wconf 80' lang='lat' dir='ltr'><strong>Europaeque</strong></span> <span class='ocrx_word' id='word_1_141' title='bbox 455 2794 628 2863; x_wconf 90' lang='lat' dir='ltr'><strong>succubuit</strong></span> <span class='ocrx_word' id='word_1_142' title='bbox 652 2793 739 2862; x_wconf 91' lang='lat' dir='ltr'><strong>Asia.</strong></span> <span class='ocrx_word' id='word_1_143' title='bbox 756 2795 846 2858; x_wconf 77' lang='lat' dir='ltr'><strong>Haec·</strong></span> <span class='ocrx_word' id='word_1_144' title='bbox 864 2790 965 2858; x_wconf 86' lang='lat' dir='ltr'><strong>altera</strong></span> <span class='ocrx_word' id='word_1_145' title='bbox 995 2790 1153 2876; x_wconf 89' lang='lat' dir='ltr'><strong>victoria,</strong></span> <span class='ocrx_word' id='word_1_146' title='bbox 1181 2815 1261 2883; x_wconf 50' lang='lat' dir='ltr'><strong>quae*</strong></span> 
     </span>
     <span class='ocr_line' id='line_1_20' title="bbox 224 2911 1255 3006; baseline -0.011 -17"><span class='ocrx_word' id='word_1_147' title='bbox 224 2945 300 2997; x_wconf 90' lang='lat' dir='ltr'><strong>cum</strong></span> <span class='ocrx_word' id='word_1_148' title='bbox 331 2915 544 2986; x_wconf 86' lang='lat' dir='ltr'><strong>Marathonio</strong></span> <span class='ocrx_word' id='word_1_149' title='bbox 567 2913 672 3006; x_wconf 89' lang='lat' dir='ltr'><strong>possit</strong></span> <span class='ocrx_word' id='word_1_150' title='bbox 702 2911 888 3004; x_wconf 89' lang='lat' dir='ltr'><strong>comparari</strong></span> <span class='ocrx_word' id='word_1_151' title='bbox 909 2916 1043 3002; x_wconf 77' lang='lat' dir='ltr'><strong>tropaeo.</strong></span> <span class='ocrx_word' id='word_1_152' title='bbox 1067 2911 1153 2979; x_wconf 91' lang='lat' dir='ltr'><strong>Nam</strong></span> <span class='ocrx_word' id='word_1_153' title='bbox 1182 2913 1255 3004; x_wconf 90' lang='lat' dir='ltr'><strong>pari</strong></span> 
     </span>
     <span class='ocr_line' id='line_1_21' title="bbox 225 3017 1255 3130; baseline -0.01 -22"><span class='ocrx_word' id='word_1_154' title='bbox 225 3039 324 3108; x_wconf 92' lang='lat' dir='ltr'><strong>modo</strong></span> <span class='ocrx_word' id='word_1_155' title='bbox 352 3036 448 3130; x_wconf 88' lang='lat' dir='ltr'><strong>apud.</strong></span> <span class='ocrx_word' id='word_1_156' title='bbox 465 3033 629 3103; x_wconf 87' lang='lat' dir='ltr'><strong>Salamina</strong></span> <span class='ocrx_word' id='word_1_157' title='bbox 656 3057 758 3124; x_wconf 86' lang='lat' dir='ltr'><strong>parvo</strong></span> <span class='ocrx_word' id='word_1_158' title='bbox 786 3017 923 3097; x_wconf 84' lang='lat' dir='ltr'><strong>humero</strong></span> <span class='ocrx_word' id='word_1_159' title='bbox 952 3030 1094 3106; x_wconf 50' lang='lat' dir='ltr'><strong>navium¹</strong></span> <span class='ocrx_word' id='word_1_160' title='bbox 1112 3032 1255 3100; x_wconf 85' lang='lat' dir='ltr'><strong>maxima</strong></span> 
     </span>
     <span class='ocr_line' id='line_1_22' title="bbox 224 3147 1057 3254; baseline -0.013 -27"><span class='ocrx_word' id='word_1_161' title='bbox 224 3175 300 3254; x_wconf 90' lang='lat' dir='ltr'><strong>post</strong></span> <span class='ocrx_word' id='word_1_162' title='bbox 317 3157 490 3254; x_wconf 82' lang='lat' dir='ltr'><strong>hominurn</strong></span> <span class='ocrx_word' id='word_1_163' title='bbox 507 3153 699 3222; x_wconf 81' lang='lat' dir='ltr'><strong>memoriam</strong></span> <span class='ocrx_word' id='word_1_164' title='bbox 720 3149 832 3218; x_wconf 88' lang='lat' dir='ltr'><strong>classis</strong></span> <span class='ocrx_word' id='word_1_165' title='bbox 852 3165 900 3216; x_wconf 93' lang='lat' dir='ltr'><strong>est</strong></span> <span class='ocrx_word' id='word_1_166' title='bbox 920 3147 1057 3217; x_wconf 89' lang='lat' dir='ltr'><strong>devicta.</strong></span> 
     </span>
    </p>

    <p class='ocr_par' dir='ltr' id='par_1_5' title="bbox 221 3266 1333 4326">
     <span class='ocr_line' id='line_1_23' title="bbox 272 3266 1254 3369; baseline -0.007 -22"><span class='ocrx_word' id='word_1_167' title='bbox 272 3283 332 3347; x_wconf 90' lang='lat' dir='ltr'><strong>Vl.</strong></span> <span class='ocrx_word' id='word_1_168' title='bbox 354 3280 498 3369; x_wconf 86' lang='lat' dir='ltr'><strong>Magnus</strong></span> <span class='ocrx_word' id='word_1_169' title='bbox 517 3275 580 3341; x_wconf 89' lang='lat' dir='ltr'><strong>hoc</strong></span> <span class='ocrx_word' id='word_1_170' title='bbox 603 3270 689 3339; x_wconf 93' lang='lat' dir='ltr'><strong>bello</strong></span> <span class='ocrx_word' id='word_1_171' title='bbox 705 3266 939 3338; x_wconf 89' lang='lat' dir='ltr'><strong>Themistocles</strong></span> <span class='ocrx_word' id='word_1_172' title='bbox 962 3267 1044 3357; x_wconf 88' lang='lat' dir='ltr'><strong>fuit,</strong></span> <span class='ocrx_word' id='word_1_173' title='bbox 1067 3293 1125 3338; x_wconf 91' lang='lat' dir='ltr'><strong>nec</strong></span> <span class='ocrx_word' id='word_1_174' title='bbox 1145 3273 1254 3340; x_wconf 89' lang='lat' dir='ltr'><strong>minor</strong></span> 
     </span>
     <span class='ocr_line' id='line_1_24' title="bbox 224 3389 1253 3494; baseline -0.009 -27"><span class='ocrx_word' id='word_1_175' title='bbox 224 3405 258 3467; x_wconf 93' lang='lat' dir='ltr'><strong>in</strong></span> <span class='ocrx_word' id='word_1_176' title='bbox 281 3423 370 3494; x_wconf 85' lang='lat' dir='ltr'><strong>pace.</strong></span> <span class='ocrx_word' id='word_1_177' title='bbox 393 3395 508 3482; x_wconf 89' lang='lat' dir='ltr'><strong>Quum</strong></span> <span class='ocrx_word' id='word_1_178' title='bbox 523 3392 611 3460; x_wconf 91' lang='lat' dir='ltr'><strong>enim</strong></span> <span class='ocrx_word' id='word_1_179' title='bbox 629 3389 786 3458; x_wconf 88' lang='lat' dir='ltr'><strong>Phalereo</strong></span> <span class='ocrx_word' id='word_1_180' title='bbox 804 3401 923 3490; x_wconf 88' lang='lat' dir='ltr'><strong>portu,</strong></span> <span class='ocrx_word' id='word_1_181' title='bbox 942 3411 1049 3480; x_wconf 90' lang='lat' dir='ltr'><strong>neque</strong></span> <span class='ocrx_word' id='word_1_182' title='bbox 1063 3412 1184 3481; x_wconf 87' lang='lat' dir='ltr'><strong>magno</strong></span> <span class='ocrx_word' id='word_1_183' title='bbox 1196 3416 1253 3458; x_wconf 87' lang='lat' dir='ltr'><strong>ne·</strong></span> 
     </span>
     <span class='ocr_line' id='line_1_25' title="bbox 224 3491 1254 3612; baseline -0.008 -27"><span class='ocrx_word' id='word_1_184' title='bbox 224 3491 296 3612; x_wconf 85' lang='lat' dir='ltr'><strong>quc</strong></span> <span class='ocrx_word' id='word_1_185' title='bbox 311 3519 420 3596; x_wconf 81' lang='lat' dir='ltr'><strong>bono,</strong></span> <span class='ocrx_word' id='word_1_186' title='bbox 439 3511 655 3582; x_wconf 86' lang='lat' dir='ltr'><strong>Athenienses</strong></span> <span class='ocrx_word' id='word_1_187' title='bbox 670 3505 873 3593; x_wconf 61' lang='lat' dir='ltr'><strong>uterentur}</strong></span> <span class='ocrx_word' id='word_1_188' title='bbox 904 3506 1004 3598; x_wconf 90' lang='lat' dir='ltr'><strong>hujus</strong></span> <span class='ocrx_word' id='word_1_189' title='bbox 1034 3506 1170 3576; x_wconf 91' lang='lat' dir='ltr'><strong>consilio</strong></span> <span class='ocrx_word' id='word_1_190' title='bbox 1196 3511 1254 3577; x_wconf 92' lang='lat' dir='ltr'><strong>tri·</strong></span> 
     </span>
     <span class='ocr_line' id='line_1_26' title="bbox 226 3627 1253 3730; baseline -0.009 -25"><span class='ocrx_word' id='word_1_191' title='bbox 226 3637 299 3730; x_wconf 80' lang='lat' dir='ltr'><strong>plen</strong></span> <span class='ocrx_word' id='word_1_192' title='bbox 324 3636 419 3705; x_wconf 84' lang='lat' dir='ltr'><strong>Piraei</strong></span> <span class='ocrx_word' id='word_1_193' title='bbox 447 3647 569 3726; x_wconf 88' lang='lat' dir='ltr'><strong>portus</strong></span> <span class='ocrx_word' id='word_1_194' title='bbox 585 3629 785 3698; x_wconf 85' lang='lat' dir='ltr'><strong>constitutos</strong></span> <span class='ocrx_word' id='word_1_195' title='bbox 807 3641 875 3712; x_wconf 90' lang='lat' dir='ltr'><strong>est;</strong></span> <span class='ocrx_word' id='word_1_196' title='bbox 895 3627 987 3718; x_wconf 87' lang='lat' dir='ltr'><strong>isque</strong></span> <span class='ocrx_word' id='word_1_197' title='bbox 1009 3627 1169 3696; x_wconf 90' lang='lat' dir='ltr'><strong>moenibus</strong></span> <span class='ocrx_word' id='word_1_198' title='bbox 1189 3630 1253 3713; x_wconf 84' lang='lat' dir='ltr'><strong>cir·</strong></span> 
     </span>
     <span class='ocr_line' id='line_1_27' title="bbox 222 3746 1253 3844; baseline -0.009 -19"><span class='ocrx_word' id='word_1_199' title='bbox 222 3755 417 3840; x_wconf 83' lang='lat' dir='ltr'><strong>cumdatus,</strong></span> <span class='ocrx_word' id='word_1_200' title='bbox 439 3766 476 3819; x_wconf 90' lang='lat' dir='ltr'><strong>ut</strong></span> <span class='ocrx_word' id='word_1_201' title='bbox 494 3753 598 3844; x_wconf 88' lang='lat' dir='ltr'><strong>ipsam</strong></span> <span class='ocrx_word' id='word_1_202' title='bbox 620 3748 735 3817; x_wconf 90' lang='lat' dir='ltr'><strong>urbem</strong></span> <span class='ocrx_word' id='word_1_203' title='bbox 755 3747 915 3840; x_wconf 85' lang='lat' dir='ltr'><strong>dignitate</strong></span> <span class='ocrx_word' id='word_1_204' title='bbox 933 3746 1166 3838; x_wconf 77' lang='lat' dir='ltr'><strong>aequipararet,</strong></span> <span class='ocrx_word' id='word_1_205' title='bbox 1179 3750 1253 3818; x_wconf 86' lang='lat' dir='ltr'><strong>&#39;uti-</strong></span> 
     </span>
     <span class='ocr_line' id='line_1_28' title="bbox 223 3866 1252 3966; baseline -0.009 -22"><span class='ocrx_word' id='word_1_206' title='bbox 223 3876 315 3944; x_wconf 90' lang='lat' dir='ltr'><strong>litate</strong></span> <span class='ocrx_word' id='word_1_207' title='bbox 335 3885 515 3966; x_wconf 89' lang='lat' dir='ltr'><strong>superaret.</strong></span> <span class='ocrx_word' id='word_1_208' title='bbox 536 3869 694 3960; x_wconf 87' lang='lat' dir='ltr'><strong>Idemque</strong></span> <span class='ocrx_word' id='word_1_209' title='bbox 712 3891 825 3934; x_wconf 88' lang='lat' dir='ltr'><strong>muros</strong></span> <span class='ocrx_word' id='word_1_210' title='bbox 838 3866 1090 3934; x_wconf 87' lang='lat' dir='ltr'><strong>Atheniensium</strong></span> <span class='ocrx_word' id='word_1_211' title='bbox 1108 3868 1252 3935; x_wconf 87' lang='lat' dir='ltr'><strong>restituit</strong></span> 
     </span>
     <span class='ocr_line' id='line_1_29' title="bbox 222 3985 1252 4089; baseline -0.012 -25"><span class='ocrx_word' id='word_1_212' title='bbox 222 3997 392 4089; x_wconf 72' lang='lat' dir='ltr'><strong>praecipuo</strong></span> <span class='ocrx_word' id='word_1_213' title='bbox 413 3989 563 4084; x_wconf 88' lang='lat' dir='ltr'><strong>periculo</strong></span> <span class='ocrx_word' id='word_1_214' title='bbox 583 4013 652 4057; x_wconf 90' lang='lat' dir='ltr'><strong>suo.</strong></span> <span class='ocrx_word' id='word_1_215' title='bbox 673 3991 827 4079; x_wconf 86' lang='lat' dir='ltr'><strong>Namque</strong></span> <span class='ocrx_word' id='word_1_216' title='bbox 845 3985 1102 4072; x_wconf 85' lang='lat' dir='ltr'><strong>Lacedaemonii,</strong></span> <span class='ocrx_word' id='word_1_217' title='bbox 1120 3997 1252 4053; x_wconf 86' lang='lat' dir='ltr'><strong>causam</strong></span> 
     </span>
     <span class='ocr_line' id='line_1_30' title="bbox 223 4107 1253 4203; baseline -0.008 -23"><span class='ocrx_word' id='word_1_218' title='bbox 223 4115 374 4184; x_wconf 89' lang='lat' dir='ltr'><strong>idoneam</strong></span> <span class='ocrx_word' id='word_1_219' title='bbox 405 4112 513 4196; x_wconf 88' lang='lat' dir='ltr'><strong>nacti,</strong></span> <span class='ocrx_word' id='word_1_220' title='bbox 535 4125 671 4203; x_wconf 90' lang='lat' dir='ltr'><strong>propter</strong></span> <span class='ocrx_word' id='word_1_221' title='bbox 688 4108 904 4176; x_wconf 88' lang='lat' dir='ltr'><strong>barbarorum</strong></span> <span class='ocrx_word' id='word_1_222' title='bbox 933 4107 1158 4192; x_wconf 86' lang='lat' dir='ltr'><strong>excursiones,</strong></span> <span class='ocrx_word' id='word_1_223' title='bbox 1187 4129 1253 4197; x_wconf 89' lang='lat' dir='ltr'><strong>qua</strong></span> 
     </span>
     <span class='ocr_line' id='line_1_31' title="bbox 221 4210 1333 4326; baseline -0.007 -27"><span class='ocrx_word' id='word_1_224' title='bbox 221 4247 392 4326; x_wconf 84' lang='lat' dir='ltr'><strong>negarent,</strong></span> <span class='ocrx_word' id='word_1_225' title='bbox 412 4244 566 4323; x_wconf 87' lang='lat' dir='ltr'><strong>oportere</strong></span> <span class='ocrx_word' id='word_1_226' title='bbox 596 4242 689 4296; x_wconf 85' lang='lat' dir='ltr'><strong>extra</strong></span> <span class='ocrx_word' id='word_1_227' title='bbox 718 4225 981 4319; x_wconf 88' lang='lat' dir='ltr'><strong>Peloponnesum</strong></span> <span class='ocrx_word' id='word_1_228' title='bbox 1007 4221 1107 4292; x_wconf 90' lang='lat' dir='ltr'><strong>ullam</strong></span> <span class='ocrx_word' id='word_1_229' title='bbox 1138 4224 1252 4292; x_wconf 88' lang='lat' dir='ltr'><strong>urbem</strong></span> <span class='ocrx_word' id='word_1_230' title='bbox 1329 4210 1333 4217; x_wconf 49' lang='grc'><strong>’</strong></span> 
     </span>
    </p>
   </div>
   <div class='ocr_carea' id='block_1_5' title="bbox 0 0 1604 5174">
    <p class='ocr_par' dir='ltr' id='par_1_6' title="bbox 0 0 1604 5174">
     <span class='ocr_line' id='line_1_32' title="bbox 0 0 1604 5174; baseline 0 4"><span class='ocrx_word' id='word_1_231' title='bbox 0 0 1604 5174; x_wconf 95' lang='lat' dir='ltr'><strong> </strong></span> 
     </span>
    </p>
   </div>
  </div>
 </body>
</html>
