3198 5174
510 676 512 680 ·
557 663 649 717 vira
670 663 896 721 ursoniam.
1216 669 1246 743 fij

214 781 267 849 bri
280 780 385 850 facere
398 783 511 874 finem,
525 801 558 855 et
572 792 799 858 Romanorum
816 789 978 886 explicare
995 795 1246 888 imperatores¹3
1308 778 1311 785 .,
1368 767 1369 770 Ἴ

199 939 282 1017 ¹quo
302 914 443 1005 facilius,
463 918 588 990 collatis
612 935 829 1015 utrorumque
850 923 962 1012 factis,
981 927 1037 1017 qui
1055 927 1116 994 viri
1133 927 1247 1021 praefe-

205 1019 308 1116 'rendi
321 1050 404 1138 sint,
414 1055 519 1145 possit
526 1053 701 1145 judicari.»
713 1058 831 1150 Operis
844 1057 915 1148 ejus
926 1059 1068 1150 genuina
1077 1060 1246 1155 inscriptio

216 1194 306 1273 patet
319 1207 359 1250 ex
371 1181 494 1252 ultimis
506 1186 595 1255 hisce
607 1186 804 1281 praefationis
818 1189 947 1256 verbis:
963 1218 979 1253 α
992 1191 1105 1278 Quare
1117 1191 1159 1260 ad
1172 1217 1248 1285 pro·

215 1317 359 1408 positum
379 1320 566 1407 veniemus,
584 1334 617 1388 et
634 1323 668 1388 in
684 1322 748 1389 hoc
766 1345 965 1415 exponemus
985 1320 1069 1390 libro
1087 1324 1178 1390 velas
1193 1349 1248 1393 ex-

215 1447 397 1518 cellentium
416 1451 661 1546 impetratorum.
674 1467 698 1518 ›2'

263 1584 385 1652 Praeter
409 1583 620 1678 imperatores
644 1611 790 1656 seorsum
815 1611 964 1680 exarasse
984 1571 1106 1655 librum
1131 1587 1171 1656 de
1188 1591 1249 1656 Re·
1289 1609 1291 1612 ·

216 1714 330 1806 gibus,
347 1732 542 1809 argumento
559 1719 629 1787 haec
642 1734 755 1807 erunt,
764 1731 842 1812 'quae
855 1719 1069 1789 Timoleontis
1083 1721 1156 1788 vitae
1172 1721 1248 1788 sub·

217 1846 265 1915 dit
285 1874 293 1914 :
318 1877 335 1912 α
346 1851 394 1917 'Hi
405 1849 477 1918 lere
495 1850 586 1919 fuere
604 1853 746 1924 Graeciae,
762 1854 868 1945 gentis
887 1852 1000 1938 duces,
1015 1854 1072 1945 qui
1093 1853 1250 1920 memoria

218 1967 308 2061 digni
331 1969 543 2057 videbantur,
569 1985 687 2065 praeter
710 1996 801 2064 reges
821 1997 829 2038 :
849 1996 990 2064 namque
1012 1996 1067 2039 eos
1090 1972 1257 2066 attingere,

218 2098 399 2188 noluimus,
412 2101 661 2194 quodomnium
676 2128 727 2172 res
741 2116 838 2196 gestae
851 2079 1025 2197 separatim
1038 2116 1116 2170 sunt
1129 2100 1247 2170 relatae.

217 2235 332 2326 Neque
349 2249 458 2304 tamen
475 2237 512 2303 hi
530 2236 708 2304 admodum
726 2250 804 2303 sunt
821 2233 958 2303 multi.»

266 2367 403 2434 Externi
430 2368 657 2460 imperatores,
687 2391 769 2458 quos
797 2367 970 2453 habemus,
1000 2365 1121 2434 AEmilii
1150 2367 1250 2435 Probi

218 2513 289 2564 esse
307 2521 327 2565 a
347 2496 458 2566 multis
476 2498 665 2567 creduntur.
685 2500 753 2586 Qui
771 2523 864 2566 error
881 2497 1141 2592 indeprovenit,
1161 2496 1256 2589 quod.

217 2627 353 2696 librario
366 2629 400 2696 id
413 2628 511 2698 fuerit
521 2654 657 2718 nomen,
668 2631 724 2722 qui
734 2631 817 2697 vitas
827 2654 880 2697 eas
890 2681 899 2713 ,
909 2630 1029 2721 partim
1040 2652 1114 2714 sua,
1130 2631 1250 2721 partim

215 2762 320 2855 patris
336 2775 369 2828 et
383 2763 497 2830 matris
510 2786 610 2830 manu
626 2763 777 2857 scriptas,
787 2760 971 2830 Theodosio
984 2758 1115 2828 obtulit.
1124 2763 1196 2828 Hoc
1206 2762 1252 2828 ita

214 2919 305 2979 esse,
325 2894 505 2963 ostendunt
523 2894 692 2982 versiculi,
710 2897 767 2988 qui
787 2896 861 2964 vitis
879 2895 948 2963 istis
963 2895 1162 2988 praemittiin
1173 2919 1250 2963 mss.
1331 2939 1332 2944 κ

215 3025 333 3096 solent.
343 3029 391 3097 Ac
400 3053 461 3096 nec
471 3027 724 3117 AEmilium,nec
735 3026 953 3097 Theodosiani
964 3028 1023 3095 aevi
1036 3051 1250 3120 quemquam,

214 3185 334 3228 eorum
356 3185 425 3229 esse
448 3158 608 3232 librorum
630 3176 815 3248 auctorem,
834 3158 964 3227 abunde
986 3160 1096 3252 arguit
1114 3184 1200 3253 pura
1218 3175 1249 3229 et

214 3317 356 3362 romana
373 3293 483 3363 dictio.
503 3295 667 3388 Opinetur
686 3291 804 3386 aliquis
810 3343 819 3378 ,
842 3307 881 3360 ut
897 3296 1026 3385 Trogus
1045 3292 1087 3359 ab
1104 3293 1251 3380 Justino,

214 3429 265 3509 ita
296 3427 336 3494 ab
365 3425 511 3515 AEmitio,
537 3428 594 3519 qui
618 3425 679 3494 sub
703 3424 888 3494 Theodosio
906 3425 1001 3511 vixit,
1031 3425 1066 3491 in
1094 3415 1275 3519 compen?

214 3559 311 3626 dium
325 3583 401 3650 ,esse
424 3558 594 3627 redactum
615 3562 788 3651 Nepotem.
813 3555 877 3625 Sed
898 3554 987 3623 aliud
1006 3556 1122 3624 suadet
1144 3556 1252 3649 operis

213 3693 441 3778 concinnitas,
459 3705 492 3759 et
516 3690 571 3760 illa
592 3691 750 3786 praefandi
773 3691 876 3777 ratio,
897 3714 970 3782 quae
991 3703 1039 3757 est
1062 3690 1097 3757 in
1119 3692 1253 3782 Epami-

213 3823 338 3892 noudae
348 3815 434 3908 'vita‚
455 3847 492 3890 ac
510 3824 545 3890 in
559 3821 716 3917 Pelopida
728 3823 895 3916 inprimis,
910 3823 967 3890 ubi
981 3822 1173 3892 brevitatem
1184 3825 1254 3913 jus-

149 4058 154 4068 ’
241 4097 244 4101 ·
259 4087 269 4112 ¹
294 4075 442 4152 Inuquibus
455 4084 515 4130 erat
527 4084 555 4130 et
563 4074 651 4130 Julius
664 4075 766 4144 Caesar,
775 4085 843 4131 teste
853 4077 887 4132 G.
900 4074 1071 4148 Pastregico,
1083 4073 1254 4141 Veronensi,

213 4171 335 4227 homine
352 4166 545 4242 quartidecimi
558 4168 662 4236 saeculi,
677 4169 713 4221 de
730 4169 889 4242 On’ginibus
904 4186 1009 4235 rerum,
1024 4186 1051 4240 p.
1064 4184 1097 4235 17
1114 4185 1120 4218 :
1136 4163 1254 4237 «Scrip-

214 4265 254 4320 sit
269 4273 296 4317 et
308 4261 375 4316 Jutii
391 4260 504 4316 Caesaris
517 4259 603 4313 vitam
620 4270 647 4314 et
662 4270 803 4332 tempora,
822 4261 897 4332 cujus
910 4260 986 4314 fulsit
1001 4258 1182 4331 temporibus.
1201 4279 1214 4306 n
