<?xml version="1.0" encoding="UTF-8"?>
<!DOCTYPE html PUBLIC "-//W3C//DTD XHTML 1.0 Transitional//EN"
    "http://www.w3.org/TR/xhtml1/DTD/xhtml1-transitional.dtd">
<html xmlns="http://www.w3.org/1999/xhtml" xml:lang="en" lang="en">
 <head>
  <title>
</title>
<meta http-equiv="Content-Type" content="text/html;charset=utf-8" />
  <meta name='ocr-system' content='tesseract 3.04.00' />
  <meta name='ocr-capabilities' content='ocr_page ocr_carea ocr_par ocr_line ocrx_word'/>
</head>
<body>
  <div class='ocr_page' id='page_1' title='image "./corneliinepotio00nepogoog_0092.png"; bbox 0 0 3198 5174; ppageno 0'>
   <div class='ocr_carea' id='block_1_1' title="bbox 640 517 1237 592">
    <p class='ocr_par' dir='ltr' id='par_1_1' title="bbox 640 517 1237 592">
     <span class='ocr_line' id='line_1_1' title="bbox 640 517 1237 592; baseline 0.003 -13"><span class='ocrx_word' id='word_1_1' title='bbox 640 524 821 580; x_wconf 68' lang='lat' dir='ltr'><strong>natamus.</strong></span> <span class='ocrx_word' id='word_1_2' title='bbox 941 517 944 530; x_wconf 89' lang='grc'><strong>’</strong></span> <span class='ocrx_word' id='word_1_3' title='bbox 1204 544 1237 592; x_wconf 81' lang='lat'><strong>71</strong></span> 
     </span>
    </p>
   </div>
   <div class='ocr_carea' id='block_1_2' title="bbox 195 647 1246 1452">
    <p class='ocr_par' dir='ltr' id='par_1_2' title="bbox 195 647 1245 1190">
     <span class='ocr_line' id='line_1_2' title="bbox 224 647 1244 745; baseline -0.004 -25"><span class='ocrx_word' id='word_1_4' title='bbox 224 654 413 745; x_wconf 73' lang='lat' dir='ltr'><strong>Magnetem</strong></span> <span class='ocrx_word' id='word_1_5' title='bbox 428 649 582 720; x_wconf 84' lang='lat' dir='ltr'><strong>exercitui</strong></span> <span class='ocrx_word' id='word_1_6' title='bbox 598 648 758 742; x_wconf 82' lang='lat' dir='ltr'><strong>praesecit3</strong></span> <span class='ocrx_word' id='word_1_7' title='bbox 771 649 841 742; x_wconf 87' lang='lat' dir='ltr'><strong>ipse</strong></span> <span class='ocrx_word' id='word_1_8' title='bbox 855 671 929 716; x_wconf 90' lang='lat' dir='ltr'><strong>cum</strong></span> <span class='ocrx_word' id='word_1_9' title='bbox 945 649 1011 716; x_wconf 89' lang='lat' dir='ltr'><strong>suis</strong></span> <span class='ocrx_word' id='word_1_10' title='bbox 1026 647 1060 716; x_wconf 91' lang='lat' dir='ltr'><strong>in</strong></span> <span class='ocrx_word' id='word_1_11' title='bbox 1076 649 1244 741; x_wconf 86' lang='lat' dir='ltr'><strong>Cappado-</strong></span> 
     </span>
     <span class='ocr_line' id='line_1_3' title="bbox 223 763 1244 862; baseline -0.003 -24"><span class='ocrx_word' id='word_1_12' title='bbox 223 769 309 838; x_wconf 82' lang='lat' dir='ltr'><strong>ciam</strong></span> <span class='ocrx_word' id='word_1_13' title='bbox 325 767 477 856; x_wconf 86' lang='lat' dir='ltr'><strong>discedit,</strong></span> <span class='ocrx_word' id='word_1_14' title='bbox 496 767 769 860; x_wconf 85' lang='lat' dir='ltr'><strong>conjunctamque</strong></span> <span class='ocrx_word' id='word_1_15' title='bbox 785 767 863 834; x_wconf 92' lang='lat' dir='ltr'><strong>huic</strong></span> <span class='ocrx_word' id='word_1_16' title='bbox 878 763 1132 862; x_wconf 77' lang='lat' dir='ltr'><strong>Paphlagoniam</strong></span> <span class='ocrx_word' id='word_1_17' title='bbox 1148 789 1244 836; x_wconf 89' lang='lat' dir='ltr'><strong>occu·</strong></span> 
     </span>
     <span class='ocr_line' id='line_1_4' title="bbox 195 880 1245 980; baseline -0.004 -24"><span class='ocrx_word' id='word_1_18' title='bbox 195 972 197 975; x_wconf 11' lang='grc'>1</span> <span class='ocrx_word' id='word_1_19' title='bbox 224 901 294 980; x_wconf 87' lang='lat' dir='ltr'><strong>pat,</strong></span> <span class='ocrx_word' id='word_1_20' title='bbox 316 884 422 955; x_wconf 89' lang='lat' dir='ltr'><strong>celans</strong></span> <span class='ocrx_word' id='word_1_21' title='bbox 453 909 519 978; x_wconf 90' lang='lat' dir='ltr'><strong>qua</strong></span> <span class='ocrx_word' id='word_1_22' title='bbox 549 882 718 953; x_wconf 88' lang='lat' dir='ltr'><strong>voluntate</strong></span> <span class='ocrx_word' id='word_1_23' title='bbox 745 898 829 952; x_wconf 91' lang='lat' dir='ltr'><strong>esset</strong></span> <span class='ocrx_word' id='word_1_24' title='bbox 852 884 887 951; x_wconf 94' lang='lat' dir='ltr'><strong>in</strong></span> <span class='ocrx_word' id='word_1_25' title='bbox 913 907 1038 978; x_wconf 83' lang='lat' dir='ltr'><strong>regem3</strong></span> <span class='ocrx_word' id='word_1_26' title='bbox 1063 880 1146 950; x_wconf 89' lang='lat' dir='ltr'><strong>clam</strong></span> <span class='ocrx_word' id='word_1_27' title='bbox 1168 908 1245 952; x_wconf 90' lang='lat' dir='ltr'><strong>cum</strong></span> 
     </span>
     <span class='ocr_line' id='line_1_5' title="bbox 223 1001 1244 1094; baseline -0.005 -19"><span class='ocrx_word' id='word_1_28' title='bbox 223 1003 440 1075; x_wconf 80' lang='lat' dir='ltr'><strong>Ariobarzane</strong></span> <span class='ocrx_word' id='word_1_29' title='bbox 464 1003 543 1072; x_wconf 83' lang='lat' dir='ltr'><strong>facit</strong></span> <span class='ocrx_word' id='word_1_30' title='bbox 566 1003 764 1090; x_wconf 83' lang='lat' dir='ltr'><strong>amicitiam,</strong></span> <span class='ocrx_word' id='word_1_31' title='bbox 785 1025 919 1070; x_wconf 86' lang='lat' dir='ltr'><strong>manum</strong></span> <span class='ocrx_word' id='word_1_32' title='bbox 942 1014 1129 1094; x_wconf 84' lang='lat' dir='ltr'><strong>comparat,</strong></span> <span class='ocrx_word' id='word_1_33' title='bbox 1147 1001 1244 1070; x_wconf 85' lang='lat' dir='ltr'><strong>urbes</strong></span> 
     </span>
     <span class='ocr_line' id='line_1_6' title="bbox 223 1119 847 1190; baseline -0.003 0"><span class='ocrx_word' id='word_1_34' title='bbox 223 1122 366 1190; x_wconf 89' lang='lat' dir='ltr'><strong>munitas</strong></span> <span class='ocrx_word' id='word_1_35' title='bbox 383 1121 449 1189; x_wconf 89' lang='lat' dir='ltr'><strong>suis</strong></span> <span class='ocrx_word' id='word_1_36' title='bbox 467 1119 603 1189; x_wconf 89' lang='lat' dir='ltr'><strong>tuendas</strong></span> <span class='ocrx_word' id='word_1_37' title='bbox 620 1119 729 1188; x_wconf 85' lang='lat' dir='ltr'><strong>tradit.</strong></span> <span class='ocrx_word' id='word_1_38' title='bbox 845 1135 847 1140; x_wconf 80' lang='grc'><strong>“</strong></span> 
     </span>
    </p>

    <p class='ocr_par' dir='ltr' id='par_1_3' title="bbox 200 1235 1246 1452">
     <span class='ocr_line' id='line_1_7' title="bbox 200 1235 1246 1334; baseline -0.005 -25"><span class='ocrx_word' id='word_1_39' title='bbox 200 1329 202 1334; x_wconf 23' lang='grc' dir='ltr'>Ι</span> <span class='ocrx_word' id='word_1_40' title='bbox 270 1242 329 1310; x_wconf 82' lang='lat' dir='ltr'><strong>VI.</strong></span> <span class='ocrx_word' id='word_1_41' title='bbox 355 1239 420 1308; x_wconf 89' lang='lat' dir='ltr'><strong>Sed</strong></span> <span class='ocrx_word' id='word_1_42' title='bbox 438 1239 507 1308; x_wconf 82' lang='lat' dir='ltr'><strong>haec</strong></span> <span class='ocrx_word' id='word_1_43' title='bbox 522 1251 656 1332; x_wconf 89' lang='lat' dir='ltr'><strong>propter</strong></span> <span class='ocrx_word' id='word_1_44' title='bbox 669 1235 808 1306; x_wconf 86' lang='lat' dir='ltr'><strong>hiemale</strong></span> <span class='ocrx_word' id='word_1_45' title='bbox 823 1235 951 1329; x_wconf 88' lang='lat' dir='ltr'><strong>tenipus</strong></span> <span class='ocrx_word' id='word_1_46' title='bbox 966 1237 1077 1305; x_wconf 90' lang='lat' dir='ltr'><strong>minus</strong></span> <span class='ocrx_word' id='word_1_47' title='bbox 1093 1256 1246 1329; x_wconf 80' lang='lat' dir='ltr'><strong>prospere</strong></span> 
     </span>
     <span class='ocr_line' id='line_1_8' title="bbox 200 1353 1244 1452; baseline -0.004 -26"><span class='ocrx_word' id='word_1_48' title='bbox 200 1356 452 1452; x_wconf 80' lang='lat' dir='ltr'><strong>procedebant.</strong></span> <span class='ocrx_word' id='word_1_49' title='bbox 472 1357 574 1426; x_wconf 84' lang='lat' dir='ltr'><strong>Audit</strong></span> <span class='ocrx_word' id='word_1_50' title='bbox 592 1356 716 1425; x_wconf 87' lang='lat' dir='ltr'><strong>Pisidas</strong></span> <span class='ocrx_word' id='word_1_51' title='bbox 732 1354 892 1448; x_wconf 86' lang='lat' dir='ltr'><strong>¹quasdam</strong></span> <span class='ocrx_word' id='word_1_52' title='bbox 910 1355 1019 1448; x_wconf 87' lang='lat' dir='ltr'><strong>copias</strong></span> <span class='ocrx_word' id='word_1_53' title='bbox 1039 1353 1192 1422; x_wconf 91' lang='lat' dir='ltr'><strong>adversus</strong></span> <span class='ocrx_word' id='word_1_54' title='bbox 1211 1378 1244 1422; x_wconf 88' lang='lat' dir='ltr'><strong>se</strong></span> 
     </span>
    </p>
   </div>
   <div class='ocr_carea' id='block_1_3' title="bbox 223 1472 1348 1570">
    <p class='ocr_par' dir='ltr' id='par_1_4' title="bbox 223 1472 1348 1570">
     <span class='ocr_line' id='line_1_9' title="bbox 223 1472 1348 1570; baseline -0.005 -25"><span class='ocrx_word' id='word_1_55' title='bbox 223 1499 349 1570; x_wconf 86' lang='lat' dir='ltr'><strong>parare.</strong></span> <span class='ocrx_word' id='word_1_56' title='bbox 368 1475 489 1546; x_wconf 87' lang='lat' dir='ltr'><strong>Filium</strong></span> <span class='ocrx_word' id='word_1_57' title='bbox 505 1500 545 1544; x_wconf 91' lang='lat' dir='ltr'><strong>eo</strong></span> <span class='ocrx_word' id='word_1_58' title='bbox 562 1474 743 1545; x_wconf 84' lang='lat' dir='ltr'><strong>Arsidaeum</strong></span> <span class='ocrx_word' id='word_1_59' title='bbox 761 1499 835 1543; x_wconf 90' lang='lat' dir='ltr'><strong>cum</strong></span> <span class='ocrx_word' id='word_1_60' title='bbox 852 1475 995 1544; x_wconf 84' lang='lat' dir='ltr'><strong>exercitu</strong></span> <span class='ocrx_word' id='word_1_61' title='bbox 1013 1473 1138 1542; x_wconf 86' lang='lat' dir='ltr'><strong>mittit:</strong></span> <span class='ocrx_word' id='word_1_62' title='bbox 1158 1472 1245 1542; x_wconf 87' lang='lat' dir='ltr'><strong>eadit</strong></span> <span class='ocrx_word' id='word_1_63' title='bbox 1278 1505 1280 1509; x_wconf 55' lang='grc'>’</span> <span class='ocrx_word' id='word_1_64' title='bbox 1341 1510 1348 1518; x_wconf 86' lang='lat'><strong>·</strong></span> 
     </span>
    </p>
   </div>
   <div class='ocr_carea' id='block_1_4' title="bbox 223 1591 1258 2157">
    <p class='ocr_par' dir='ltr' id='par_1_5' title="bbox 223 1591 1258 2157">
     <span class='ocr_line' id='line_1_10' title="bbox 224 1591 1247 1687; baseline -0.004 -25"><span class='ocrx_word' id='word_1_65' title='bbox 224 1596 259 1662; x_wconf 92' lang='lat' dir='ltr'><strong>in</strong></span> <span class='ocrx_word' id='word_1_66' title='bbox 275 1592 389 1687; x_wconf 85' lang='lat' dir='ltr'><strong>proelio</strong></span> <span class='ocrx_word' id='word_1_67' title='bbox 402 1591 598 1662; x_wconf 89' lang='lat' dir='ltr'><strong>adolescens.</strong></span> <span class='ocrx_word' id='word_1_68' title='bbox 614 1592 834 1661; x_wconf 89' lang='lat' dir='ltr'><strong>Proficisoitur</strong></span> <span class='ocrx_word' id='word_1_69' title='bbox 850 1617 888 1661; x_wconf 90' lang='lat' dir='ltr'><strong>eo</strong></span> <span class='ocrx_word' id='word_1_70' title='bbox 904 1605 1013 1685; x_wconf 90' lang='lat' dir='ltr'><strong>pater,</strong></span> <span class='ocrx_word' id='word_1_71' title='bbox 1029 1615 1096 1660; x_wconf 91' lang='lat' dir='ltr'><strong>non</strong></span> <span class='ocrx_word' id='word_1_72' title='bbox 1111 1591 1157 1658; x_wconf 87' lang='lat' dir='ltr'><strong>ita</strong></span> <span class='ocrx_word' id='word_1_73' title='bbox 1171 1614 1247 1660; x_wconf 90' lang='lat' dir='ltr'><strong>cum</strong></span> 
     </span>
     <span class='ocr_line' id='line_1_11' title="bbox 224 1708 1247 1808; baseline -0.004 -28"><span class='ocrx_word' id='word_1_74' title='bbox 224 1737 343 1808; x_wconf 89' lang='lat' dir='ltr'><strong>magna</strong></span> <span class='ocrx_word' id='word_1_75' title='bbox 363 1736 481 1798; x_wconf 85' lang='lat' dir='ltr'><strong>manu,</strong></span> <span class='ocrx_word' id='word_1_76' title='bbox 504 1711 611 1780; x_wconf 86' lang='lat' dir='ltr'><strong>celans</strong></span> <span class='ocrx_word' id='word_1_77' title='bbox 633 1726 791 1803; x_wconf 91' lang='lat' dir='ltr'><strong>quantum</strong></span> <span class='ocrx_word' id='word_1_78' title='bbox 813 1709 931 1778; x_wconf 82' lang='lat' dir='ltr'><strong>vulnus</strong></span> <span class='ocrx_word' id='word_1_79' title='bbox 949 1710 1140 1802; x_wconf 82' lang='lat' dir='ltr'><strong>accepisset3</strong></span> <span class='ocrx_word' id='word_1_80' title='bbox 1158 1708 1247 1801; x_wconf 91' lang='lat' dir='ltr'><strong>quod</strong></span> 
     </span>
     <span class='ocr_line' id='line_1_12' title="bbox 223 1825 1247 1924; baseline -0.004 -26"><span class='ocrx_word' id='word_1_81' title='bbox 223 1833 315 1924; x_wconf 91' lang='lat' dir='ltr'><strong>prius</strong></span> <span class='ocrx_word' id='word_1_82' title='bbox 337 1830 379 1899; x_wconf 89' lang='lat' dir='ltr'><strong>ad</strong></span> <span class='ocrx_word' id='word_1_83' title='bbox 401 1831 530 1898; x_wconf 89' lang='lat' dir='ltr'><strong>hostem</strong></span> <span class='ocrx_word' id='word_1_84' title='bbox 552 1830 724 1922; x_wconf 89' lang='lat' dir='ltr'><strong>pervenire</strong></span> <span class='ocrx_word' id='word_1_85' title='bbox 742 1829 910 1922; x_wconf 87' lang='lat' dir='ltr'><strong>cupiebat,</strong></span> <span class='ocrx_word' id='word_1_86' title='bbox 930 1851 1028 1920; x_wconf 88' lang='lat' dir='ltr'><strong>quam</strong></span> <span class='ocrx_word' id='word_1_87' title='bbox 1049 1826 1089 1896; x_wconf 91' lang='lat' dir='ltr'><strong>de</strong></span> <span class='ocrx_word' id='word_1_88' title='bbox 1107 1851 1143 1895; x_wconf 87' lang='lat' dir='ltr'><strong>re</strong></span> <span class='ocrx_word' id='word_1_89' title='bbox 1161 1825 1247 1896; x_wconf 89' lang='lat' dir='ltr'><strong>male</strong></span> 
     </span>
     <span class='ocr_line' id='line_1_13' title="bbox 224 1941 1258 2042; baseline -0.005 -25"><span class='ocrx_word' id='word_1_90' title='bbox 224 1959 313 2042; x_wconf 82' lang='lat' dir='ltr'><strong>gesta</strong></span> <span class='ocrx_word' id='word_1_91' title='bbox 332 1947 418 2018; x_wconf 83' lang='lat' dir='ltr'><strong>fama</strong></span> <span class='ocrx_word' id='word_1_92' title='bbox 438 1947 480 2016; x_wconf 89' lang='lat' dir='ltr'><strong>ad</strong></span> <span class='ocrx_word' id='word_1_93' title='bbox 499 1970 573 2016; x_wconf 92' lang='lat' dir='ltr'><strong>suos</strong></span> <span class='ocrx_word' id='word_1_94' title='bbox 589 1948 793 2040; x_wconf 85' lang='lat' dir='ltr'><strong>perveniret,</strong></span> <span class='ocrx_word' id='word_1_95' title='bbox 813 1971 873 2034; x_wconf 90' lang='lat' dir='ltr'><strong>ne,</strong></span> <span class='ocrx_word' id='word_1_96' title='bbox 894 1947 1025 2038; x_wconf 86' lang='lat' dir='ltr'><strong>cognita</strong></span> <span class='ocrx_word' id='word_1_97' title='bbox 1043 1944 1103 2014; x_wconf 90' lang='lat' dir='ltr'><strong>filii</strong></span> <span class='ocrx_word' id='word_1_98' title='bbox 1121 1941 1258 2033; x_wconf 84' lang='lat' dir='ltr'><strong>morte,</strong></span> 
     </span>
     <span class='ocr_line' id='line_1_14' title="bbox 223 2062 1247 2157; baseline -0.002 -22"><span class='ocrx_word' id='word_1_99' title='bbox 223 2067 325 2135; x_wconf 88' lang='lat' dir='ltr'><strong>animi</strong></span> <span class='ocrx_word' id='word_1_100' title='bbox 347 2063 595 2134; x_wconf 80' lang='lat' dir='ltr'><strong>debilitarentur</strong></span> <span class='ocrx_word' id='word_1_101' title='bbox 616 2062 768 2152; x_wconf 88' lang='lat' dir='ltr'><strong>militum.</strong></span> <span class='ocrx_word' id='word_1_102' title='bbox 789 2066 865 2152; x_wconf 90' lang='lat' dir='ltr'><strong>Quo</strong></span> <span class='ocrx_word' id='word_1_103' title='bbox 886 2063 1112 2150; x_wconf 84' lang='lat' dir='ltr'><strong>contenderat,</strong></span> <span class='ocrx_word' id='word_1_104' title='bbox 1135 2088 1247 2157; x_wconf 85' lang='lat' dir='ltr'><strong>perve-</strong></span> 
     </span>
    </p>
   </div>
   <div class='ocr_carea' id='block_1_5' title="bbox 113 2181 1247 2277">
    <p class='ocr_par' dir='ltr' id='par_1_6' title="bbox 113 2181 1247 2277">
     <span class='ocr_line' id='line_1_15' title="bbox 113 2181 1247 2277; baseline -0.002 -25"><span class='ocrx_word' id='word_1_105' title='bbox 113 2267 116 2272; x_wconf 90' lang='lat'><strong>.</strong></span> <span class='ocrx_word' id='word_1_106' title='bbox 224 2186 290 2270; x_wconf 87' lang='lat' dir='ltr'><strong>nit;</strong></span> <span class='ocrx_word' id='word_1_107' title='bbox 307 2183 422 2277; x_wconf 88' lang='lat' dir='ltr'><strong>hisque</strong></span> <span class='ocrx_word' id='word_1_108' title='bbox 438 2181 518 2252; x_wconf 88' lang='lat' dir='ltr'><strong>locis</strong></span> <span class='ocrx_word' id='word_1_109' title='bbox 535 2196 640 2252; x_wconf 90' lang='lat' dir='ltr'><strong>eastra</strong></span> <span class='ocrx_word' id='word_1_110' title='bbox 656 2182 763 2276; x_wconf 89' lang='lat' dir='ltr'><strong>ponit,</strong></span> <span class='ocrx_word' id='word_1_111' title='bbox 780 2195 816 2250; x_wconf 92' lang='lat' dir='ltr'><strong>ut</strong></span> <span class='ocrx_word' id='word_1_112' title='bbox 833 2207 939 2276; x_wconf 90' lang='lat' dir='ltr'><strong>neque</strong></span> <span class='ocrx_word' id='word_1_113' title='bbox 955 2182 1120 2252; x_wconf 89' lang='lat' dir='ltr'><strong>circumiri</strong></span> <span class='ocrx_word' id='word_1_114' title='bbox 1136 2181 1247 2252; x_wconf 87' lang='lat' dir='ltr'><strong>multi·</strong></span> 
     </span>
    </p>
   </div>
   <div class='ocr_carea' id='block_1_6' title="bbox 223 2293 1278 4168">
    <p class='ocr_par' dir='ltr' id='par_1_7' title="bbox 223 2293 1278 4168">
     <span class='ocr_line' id='line_1_16' title="bbox 225 2293 1247 2394; baseline -0.002 -24"><span class='ocrx_word' id='word_1_115' title='bbox 225 2301 340 2370; x_wconf 92' lang='lat' dir='ltr'><strong>tudine</strong></span> <span class='ocrx_word' id='word_1_116' title='bbox 355 2301 616 2374; x_wconf 75' lang='lat' dir='ltr'><strong>adversariorum</strong></span> <span class='ocrx_word' id='word_1_117' title='bbox 627 2315 751 2394; x_wconf 87' lang='lat' dir='ltr'><strong>posset,</strong></span> <span class='ocrx_word' id='word_1_118' title='bbox 769 2326 874 2394; x_wconf 88' lang='lat' dir='ltr'><strong>neque</strong></span> <span class='ocrx_word' id='word_1_119' title='bbox 890 2293 1057 2394; x_wconf 90' lang='lat' dir='ltr'><strong>impediri,</strong></span> <span class='ocrx_word' id='word_1_120' title='bbox 1072 2301 1247 2392; x_wconf 86' lang='lat' dir='ltr'><strong>quominus</strong></span> 
     </span>
     <span class='ocr_line' id='line_1_17' title="bbox 224 2419 1247 2513; baseline -0.004 -23"><span class='ocrx_word' id='word_1_121' title='bbox 224 2419 266 2490; x_wconf 84' lang='lat' dir='ltr'><strong>ad</strong></span> <span class='ocrx_word' id='word_1_122' title='bbox 282 2419 505 2490; x_wconf 90' lang='lat' dir='ltr'><strong>dimicandum</strong></span> <span class='ocrx_word' id='word_1_123' title='bbox 520 2444 655 2488; x_wconf 90' lang='lat' dir='ltr'><strong>manum</strong></span> <span class='ocrx_word' id='word_1_124' title='bbox 668 2420 803 2488; x_wconf 90' lang='lat' dir='ltr'><strong>haberet</strong></span> <span class='ocrx_word' id='word_1_125' title='bbox 816 2419 1008 2513; x_wconf 84' lang='lat' dir='ltr'><strong>expeditam.</strong></span> <span class='ocrx_word' id='word_1_126' title='bbox 1026 2423 1105 2488; x_wconf 87' lang='lat' dir='ltr'><strong>Erat</strong></span> <span class='ocrx_word' id='word_1_127' title='bbox 1120 2443 1194 2487; x_wconf 91' lang='lat' dir='ltr'><strong>cum</strong></span> <span class='ocrx_word' id='word_1_128' title='bbox 1208 2443 1247 2487; x_wconf 91' lang='lat' dir='ltr'><strong>eo</strong></span> 
     </span>
     <span class='ocr_line' id='line_1_18' title="bbox 224 2535 1247 2633; baseline -0.005 -25"><span class='ocrx_word' id='word_1_129' title='bbox 224 2539 523 2626; x_wconf 90' lang='lat' dir='ltr'><strong>Mithrobarzanes,</strong></span> <span class='ocrx_word' id='word_1_130' title='bbox 543 2563 636 2608; x_wconf 89' lang='lat' dir='ltr'><strong>socer</strong></span> <span class='ocrx_word' id='word_1_131' title='bbox 655 2540 741 2633; x_wconf 89' lang='lat' dir='ltr'><strong>ejus,</strong></span> <span class='ocrx_word' id='word_1_132' title='bbox 760 2539 929 2632; x_wconf 73' lang='lat' dir='ltr'><strong>praefectus</strong></span> <span class='ocrx_word' id='word_1_133' title='bbox 948 2538 1094 2632; x_wconf 89' lang='lat' dir='ltr'><strong>equitum</strong></span> <span class='ocrx_word' id='word_1_134' title='bbox 1104 2563 1118 2605; x_wconf 75' lang='lat' dir='ltr'><strong>s</strong></span> <span class='ocrx_word' id='word_1_135' title='bbox 1136 2538 1177 2621; x_wconf 91' lang='lat' dir='ltr'><strong>is,</strong></span> <span class='ocrx_word' id='word_1_136' title='bbox 1190 2535 1247 2604; x_wconf 90' lang='lat' dir='ltr'><strong>de-</strong></span> 
     </span>
     <span class='ocr_line' id='line_1_19' title="bbox 224 2655 1247 2752; baseline 0 -28"><span class='ocrx_word' id='word_1_137' title='bbox 224 2658 362 2750; x_wconf 86' lang='lat' dir='ltr'><strong>speratis</strong></span> <span class='ocrx_word' id='word_1_138' title='bbox 380 2659 491 2752; x_wconf 82' lang='lat' dir='ltr'><strong>generi</strong></span> <span class='ocrx_word' id='word_1_139' title='bbox 510 2658 623 2744; x_wconf 88' lang='lat' dir='ltr'><strong>rebus,</strong></span> <span class='ocrx_word' id='word_1_140' title='bbox 644 2656 686 2725; x_wconf 91' lang='lat' dir='ltr'><strong>ad</strong></span> <span class='ocrx_word' id='word_1_141' title='bbox 701 2657 810 2726; x_wconf 89' lang='lat' dir='ltr'><strong>hostes</strong></span> <span class='ocrx_word' id='word_1_142' title='bbox 830 2656 1014 2750; x_wconf 83' lang='lat' dir='ltr'><strong>transfugit.</strong></span> <span class='ocrx_word' id='word_1_143' title='bbox 1037 2655 1077 2724; x_wconf 89' lang='lat' dir='ltr'><strong>Id</strong></span> <span class='ocrx_word' id='word_1_144' title='bbox 1093 2659 1247 2726; x_wconf 85' lang='lat' dir='ltr'><strong>Datames</strong></span> 
     </span>
     <span class='ocr_line' id='line_1_20' title="bbox 224 2774 1248 2861; baseline 0 -19"><span class='ocrx_word' id='word_1_145' title='bbox 224 2788 260 2842; x_wconf 90' lang='lat' dir='ltr'><strong>ut</strong></span> <span class='ocrx_word' id='word_1_146' title='bbox 279 2775 419 2861; x_wconf 89' lang='lat' dir='ltr'><strong>audivit,</strong></span> <span class='ocrx_word' id='word_1_147' title='bbox 438 2777 553 2861; x_wconf 89' lang='lat' dir='ltr'><strong>sensit,</strong></span> <span class='ocrx_word' id='word_1_148' title='bbox 574 2777 600 2844; x_wconf 94' lang='lat' dir='ltr'><strong>si</strong></span> <span class='ocrx_word' id='word_1_149' title='bbox 620 2776 803 2858; x_wconf 76' lang='lat' dir='ltr'><strong>inturbam</strong></span> <span class='ocrx_word' id='word_1_150' title='bbox 819 2777 936 2844; x_wconf 85' lang='lat' dir='ltr'><strong>exisset</strong></span> <span class='ocrx_word' id='word_1_151' title='bbox 959 2775 1001 2842; x_wconf 86' lang='lat' dir='ltr'><strong>ab</strong></span> <span class='ocrx_word' id='word_1_152' title='bbox 1028 2774 1163 2844; x_wconf 88' lang='lat' dir='ltr'><strong>homine</strong></span> <span class='ocrx_word' id='word_1_153' title='bbox 1180 2788 1248 2842; x_wconf 90' lang='lat' dir='ltr'><strong>tam</strong></span> 
     </span>
     <span class='ocr_line' id='line_1_21' title="bbox 225 2889 1249 2982; baseline -0.002 -21"><span class='ocrx_word' id='word_1_154' title='bbox 225 2896 406 2962; x_wconf 87' lang='lat' dir='ltr'><strong>necessario</strong></span> <span class='ocrx_word' id='word_1_155' title='bbox 417 2919 457 2969; x_wconf 75' lang='lat' dir='ltr'><strong>¹se</strong></span> <span class='ocrx_word' id='word_1_156' title='bbox 475 2893 641 2982; x_wconf 86' lang='lat' dir='ltr'><strong>relictum,</strong></span> <span class='ocrx_word' id='word_1_157' title='bbox 658 2893 822 2980; x_wconf 87' lang='lat' dir='ltr'><strong>futurum,</strong></span> <span class='ocrx_word' id='word_1_158' title='bbox 838 2907 876 2960; x_wconf 92' lang='lat' dir='ltr'><strong>ut</strong></span> <span class='ocrx_word' id='word_1_159' title='bbox 893 2893 992 2961; x_wconf 89' lang='lat' dir='ltr'><strong>ceteri</strong></span> <span class='ocrx_word' id='word_1_160' title='bbox 1005 2889 1179 2962; x_wconf 83' lang='lat' dir='ltr'><strong>consilium</strong></span> <span class='ocrx_word' id='word_1_161' title='bbox 1200 2916 1249 2960; x_wconf 91' lang='lat' dir='ltr'><strong>se-</strong></span> 
     </span>
     <span class='ocr_line' id='line_1_22' title="bbox 225 3011 1247 3106; baseline 0 -26"><span class='ocrx_word' id='word_1_162' title='bbox 225 3027 414 3104; x_wconf 85' lang='lat' dir='ltr'><strong>querentur.</strong></span> <span class='ocrx_word' id='word_1_163' title='bbox 433 3015 474 3081; x_wconf 92' lang='lat' dir='ltr'><strong>In</strong></span> <span class='ocrx_word' id='word_1_164' title='bbox 490 3011 608 3106; x_wconf 83' lang='lat' dir='ltr'><strong>vulgus</strong></span> <span class='ocrx_word' id='word_1_165' title='bbox 625 3013 711 3080; x_wconf 89' lang='lat' dir='ltr'><strong>edit:</strong></span> <span class='ocrx_word' id='word_1_166' title='bbox 731 3039 748 3076; x_wconf 79' lang='lat' dir='ltr'><strong>a</strong></span> <span class='ocrx_word' id='word_1_167' title='bbox 764 3013 830 3080; x_wconf 87' lang='lat' dir='ltr'><strong>Suo</strong></span> <span class='ocrx_word' id='word_1_168' title='bbox 839 3012 932 3103; x_wconf 86' lang='lat' dir='ltr'><strong>jussu</strong></span> <span class='ocrx_word' id='word_1_169' title='bbox 948 3011 1247 3080; x_wconf 87' lang='lat' dir='ltr'><strong>Mithrobarzanem</strong></span> 
     </span>
     <span class='ocr_line' id='line_1_23' title="bbox 223 3127 1248 3223; baseline -0.002 -27"><span class='ocrx_word' id='word_1_170' title='bbox 223 3129 408 3221; x_wconf 79' lang='lat' dir='ltr'><strong>profectum</strong></span> <span class='ocrx_word' id='word_1_171' title='bbox 423 3153 484 3222; x_wconf 93' lang='lat' dir='ltr'><strong>pro</strong></span> <span class='ocrx_word' id='word_1_172' title='bbox 498 3130 648 3223; x_wconf 87' lang='lat' dir='ltr'><strong>perfuga,</strong></span> <span class='ocrx_word' id='word_1_173' title='bbox 664 3153 730 3220; x_wconf 93' lang='lat' dir='ltr'><strong>quo</strong></span> <span class='ocrx_word' id='word_1_174' title='bbox 745 3127 871 3196; x_wconf 89' lang='lat' dir='ltr'><strong>facilius</strong></span> <span class='ocrx_word' id='word_1_175' title='bbox 886 3141 1035 3220; x_wconf 89' lang='lat' dir='ltr'><strong>receptus</strong></span> <span class='ocrx_word' id='word_1_176' title='bbox 1050 3127 1248 3198; x_wconf 85' lang='lat' dir='ltr'><strong>interficeret</strong></span> 
     </span>
     <span class='ocr_line' id='line_1_24' title="bbox 225 3235 1247 3340; baseline -0.002 -26"><span class='ocrx_word' id='word_1_177' title='bbox 225 3247 353 3316; x_wconf 87' lang='lat' dir='ltr'><strong>hostes:</strong></span> <span class='ocrx_word' id='word_1_178' title='bbox 370 3272 472 3339; x_wconf 88' lang='lat' dir='ltr'><strong>quare</strong></span> <span class='ocrx_word' id='word_1_179' title='bbox 484 3245 628 3340; x_wconf 90' lang='lat' dir='ltr'><strong>relinqui</strong></span> <span class='ocrx_word' id='word_1_180' title='bbox 639 3269 714 3315; x_wconf 90' lang='lat' dir='ltr'><strong>eum</strong></span> <span class='ocrx_word' id='word_1_181' title='bbox 728 3269 795 3313; x_wconf 92' lang='lat' dir='ltr'><strong>non</strong></span> <span class='ocrx_word' id='word_1_182' title='bbox 809 3269 869 3337; x_wconf 89' lang='lat' dir='ltr'><strong>par</strong></span> <span class='ocrx_word' id='word_1_183' title='bbox 882 3269 964 3331; x_wconf 88' lang='lat' dir='ltr'><strong>esse,</strong></span> <span class='ocrx_word' id='word_1_184' title='bbox 976 3243 1032 3314; x_wconf 90' lang='lat' dir='ltr'><strong>sed</strong></span> <span class='ocrx_word' id='word_1_185' title='bbox 1043 3269 1155 3314; x_wconf 90' lang='lat' dir='ltr'><strong>omnes</strong></span> <span class='ocrx_word' id='word_1_186' title='bbox 1168 3235 1247 3314; x_wconf 86' lang='lat' dir='ltr'><strong>con·</strong></span> 
     </span>
     <span class='ocr_line' id='line_1_25' title="bbox 224 3362 1247 3458; baseline -0.004 -26"><span class='ocrx_word' id='word_1_187' title='bbox 224 3364 331 3434; x_wconf 87' lang='lat' dir='ltr'><strong>festim</strong></span> <span class='ocrx_word' id='word_1_188' title='bbox 343 3367 444 3458; x_wconf 83' lang='lat' dir='ltr'><strong>sequi.</strong></span> <span class='ocrx_word' id='word_1_189' title='bbox 465 3365 565 3453; x_wconf 92' lang='lat' dir='ltr'><strong>Quod</strong></span> <span class='ocrx_word' id='word_1_190' title='bbox 580 3365 733 3434; x_wconf 84' lang='lat' dir='ltr'><strong>si&#39;animo</strong></span> <span class='ocrx_word' id='word_1_191' title='bbox 749 3376 883 3432; x_wconf 88' lang='lat' dir='ltr'><strong>strenuo</strong></span> <span class='ocrx_word' id='word_1_192' title='bbox 899 3362 1063 3448; x_wconf 82' lang='lat' dir='ltr'><strong>fecissent,</strong></span> <span class='ocrx_word' id='word_1_193' title='bbox 1081 3362 1247 3444; x_wconf 74' lang='lat' dir='ltr'><strong>flaturum,</strong></span> 
     </span>
     <span class='ocr_line' id='line_1_26' title="bbox 226 3475 1247 3575; baseline -0.005 -24"><span class='ocrx_word' id='word_1_194' title='bbox 226 3497 263 3550; x_wconf 90' lang='lat' dir='ltr'><strong>ut</strong></span> <span class='ocrx_word' id='word_1_195' title='bbox 275 3481 452 3551; x_wconf 85' lang='lat' dir='ltr'><strong>adversarii</strong></span> <span class='ocrx_word' id='word_1_196' title='bbox 465 3506 532 3549; x_wconf 93' lang='lat' dir='ltr'><strong>non</strong></span> <span class='ocrx_word' id='word_1_197' title='bbox 545 3495 676 3575; x_wconf 89' lang='lat' dir='ltr'><strong>possent</strong></span> <span class='ocrx_word' id='word_1_198' title='bbox 688 3481 853 3566; x_wconf 88' lang='lat' dir='ltr'><strong>resistere,</strong></span> <span class='ocrx_word' id='word_1_199' title='bbox 866 3475 968 3572; x_wconf 91' lang='lat' dir='ltr'><strong>quum</strong></span> <span class='ocrx_word' id='word_1_200' title='bbox 979 3494 1014 3546; x_wconf 89' lang='lat' dir='ltr'><strong>et</strong></span> <span class='ocrx_word' id='word_1_201' title='bbox 1025 3479 1111 3547; x_wconf 87' lang='lat' dir='ltr'><strong>intra</strong></span> <span class='ocrx_word' id='word_1_202' title='bbox 1125 3476 1247 3547; x_wconf 86' lang='lat' dir='ltr'><strong>vallum</strong></span> 
     </span>
     <span class='ocr_line' id='line_1_27' title="bbox 224 3598 1248 3692; baseline -0.004 -22"><span class='ocrx_word' id='word_1_203' title='bbox 224 3616 256 3670; x_wconf 92' lang='lat' dir='ltr'><strong>et</strong></span> <span class='ocrx_word' id='word_1_204' title='bbox 272 3603 350 3670; x_wconf 82' lang='lat' dir='ltr'><strong>loris</strong></span> <span class='ocrx_word' id='word_1_205' title='bbox 367 3601 581 3672; x_wconf 86' lang='lat' dir='ltr'><strong>caederentur.</strong></span> <span class='ocrx_word' id='word_1_206' title='bbox 592 3631 609 3666; x_wconf 76' lang='lat' dir='ltr'><strong>o</strong></span> <span class='ocrx_word' id='word_1_207' title='bbox 623 3605 692 3668; x_wconf 87' lang='lat' dir='ltr'><strong>Hac</strong></span> <span class='ocrx_word' id='word_1_208' title='bbox 708 3624 744 3666; x_wconf 88' lang='lat' dir='ltr'><strong>re</strong></span> <span class='ocrx_word' id='word_1_209' title='bbox 760 3598 913 3692; x_wconf 89' lang='lat' dir='ltr'><strong>probata,</strong></span> <span class='ocrx_word' id='word_1_210' title='bbox 930 3599 1107 3667; x_wconf 80' lang='lat' dir='ltr'><strong>exercitum</strong></span> <span class='ocrx_word' id='word_1_211' title='bbox 1125 3598 1248 3686; x_wconf 85' lang='lat' dir='ltr'><strong>educit,</strong></span> 
     </span>
     <span class='ocr_line' id='line_1_28' title="bbox 225 3695 1278 3813; baseline -0.004 -23"><span class='ocrx_word' id='word_1_212' title='bbox 225 3721 525 3790; x_wconf 87' lang='lat' dir='ltr'><strong>Mithrobarzanem</strong></span> <span class='ocrx_word' id='word_1_213' title='bbox 541 3719 762 3813; x_wconf 89' lang='lat' dir='ltr'><strong>persequitur:</strong></span> <span class='ocrx_word' id='word_1_214' title='bbox 775 3719 832 3810; x_wconf 90' lang='lat' dir='ltr'><strong>qui</strong></span> <span class='ocrx_word' id='word_1_215' title='bbox 846 3731 973 3786; x_wconf 85' lang='lat' dir='ltr'><strong>tantum</strong></span> <span class='ocrx_word' id='word_1_216' title='bbox 987 3695 1075 3811; x_wconf 90' lang='lat' dir='ltr'><strong>quod</strong></span> <span class='ocrx_word' id='word_1_217' title='bbox 1087 3716 1129 3786; x_wconf 89' lang='lat' dir='ltr'><strong>ad</strong></span> <span class='ocrx_word' id='word_1_218' title='bbox 1140 3718 1249 3788; x_wconf 89' lang='lat' dir='ltr'><strong>hostes</strong></span> <span class='ocrx_word' id='word_1_219' title='bbox 1275 3753 1278 3758; x_wconf 95' lang='lat'>·</span> 
     </span>
     <span class='ocr_line' id='line_1_29' title="bbox 226 3834 1250 3930; baseline -0.005 -23"><span class='ocrx_word' id='word_1_220' title='bbox 226 3853 433 3930; x_wconf 84' lang='lat' dir='ltr'><strong>pervenerat,</strong></span> <span class='ocrx_word' id='word_1_221' title='bbox 447 3841 603 3906; x_wconf 87' lang='lat' dir='ltr'><strong>Datames</strong></span> <span class='ocrx_word' id='word_1_222' title='bbox 612 3838 710 3930; x_wconf 89' lang='lat' dir='ltr'><strong>signa</strong></span> <span class='ocrx_word' id='word_1_223' title='bbox 725 3835 838 3906; x_wconf 78' lang='lat' dir='ltr'><strong>inferri</strong></span> <span class='ocrx_word' id='word_1_224' title='bbox 850 3835 953 3928; x_wconf 86' lang='lat' dir='ltr'><strong>jubet.</strong></span> <span class='ocrx_word' id='word_1_225' title='bbox 967 3834 1099 3921; x_wconf 72' lang='lat' dir='ltr'><strong>Pisidae,</strong></span> <span class='ocrx_word' id='word_1_226' title='bbox 1112 3836 1198 3902; x_wconf 83' lang='lat' dir='ltr'><strong>nova</strong></span> <span class='ocrx_word' id='word_1_227' title='bbox 1213 3859 1250 3902; x_wconf 90' lang='lat' dir='ltr'><strong>re</strong></span> 
     </span>
     <span class='ocr_line' id='line_1_30' title="bbox 226 3949 1250 4052; baseline 0.002 -28"><span class='ocrx_word' id='word_1_228' title='bbox 226 3958 398 4041; x_wconf 86' lang='lat' dir='ltr'><strong>commoti,</strong></span> <span class='ocrx_word' id='word_1_229' title='bbox 415 3957 450 4024; x_wconf 93' lang='lat' dir='ltr'><strong>in</strong></span> <span class='ocrx_word' id='word_1_230' title='bbox 470 3956 659 4048; x_wconf 90' lang='lat' dir='ltr'><strong>opinionem</strong></span> <span class='ocrx_word' id='word_1_231' title='bbox 677 3953 901 4041; x_wconf 87' lang='lat' dir='ltr'><strong>adducuntur,</strong></span> <span class='ocrx_word' id='word_1_232' title='bbox 917 3953 1068 4048; x_wconf 72' lang='lat' dir='ltr'><strong>perfugas</strong></span> <span class='ocrx_word' id='word_1_233' title='bbox 1085 3949 1171 4052; x_wconf 82' lang='lat' dir='ltr'><strong>mala</strong></span> <span class='ocrx_word' id='word_1_234' title='bbox 1186 3951 1250 4026; x_wconf 78' lang='lat' dir='ltr'><strong>fide</strong></span> 
     </span>
     <span class='ocr_line' id='line_1_31' title="bbox 226 4069 1246 4168; baseline -0.005 -25"><span class='ocrx_word' id='word_1_235' title='bbox 226 4077 488 4168; x_wconf 85' lang='lat' dir='ltr'><strong>compositosque</strong></span> <span class='ocrx_word' id='word_1_236' title='bbox 501 4074 627 4161; x_wconf 77' lang='lat' dir='ltr'><strong>fecisse,</strong></span> <span class='ocrx_word' id='word_1_237' title='bbox 643 4089 696 4159; x_wconf 88' lang='lat' dir='ltr'><strong>at,</strong></span> <span class='ocrx_word' id='word_1_238' title='bbox 712 4073 851 4165; x_wconf 89' lang='lat' dir='ltr'><strong>recepti,</strong></span> <span class='ocrx_word' id='word_1_239' title='bbox 866 4086 972 4142; x_wconf 90' lang='lat' dir='ltr'><strong>essent</strong></span> <span class='ocrx_word' id='word_1_240' title='bbox 988 4070 1105 4164; x_wconf 87' lang='lat' dir='ltr'><strong>majori</strong></span> <span class='ocrx_word' id='word_1_241' title='bbox 1120 4069 1246 4141; x_wconf 76' lang='lat' dir='ltr'><strong>caluari-</strong></span> 
     </span>
    </p>
   </div>
   <div class='ocr_carea' id='block_1_7' title="bbox 0 0 1610 5174">
    <p class='ocr_par' dir='ltr' id='par_1_8' title="bbox 0 0 1610 5174">
     <span class='ocr_line' id='line_1_32' title="bbox 0 0 1610 5174; baseline 0 0"><span class='ocrx_word' id='word_1_242' title='bbox 0 0 1610 5174; x_wconf 95' lang='lat' dir='ltr'><strong> </strong></span> 
     </span>
    </p>
   </div>
  </div>
 </body>
</html>
