3168 5048
365 448 403 505 eo
556 413 582 430 ⁸
706 447 878 506 connum
898 447 1053 506 neruus

364 575 447 644 riam
463 571 630 673 videretur
647 587 840 643 consecutus
850 597 860 658 ;
872 586 908 640 at
923 571 996 640 ille:
1010 572 1172 655 «Desine,
1190 571 1393 662 inquit,Me-

365 693 507 781 neclida,
529 693 570 762 de
587 717 689 762 uxore
704 692 787 762 mihi
805 693 1021 786 exprobrare;
1039 715 1117 762 nam
1136 688 1258 759 nullius
1277 692 1312 758 in
1330 691 1393 759 ista

365 838 402 881 re
421 812 528 881 minus
551 811 601 879 uti
620 807 757 880 consilio
779 809 867 878 volo.
887 809 1061 904 (Habebat
1082 803 1171 877 enim
1190 806 1394 876 Meneclides

366 931 583 1025 suspicionem
600 927 788 1023 adulterii.)
806 927 907 1016 Quod
925 941 1034 997 autem
1047 952 1099 996 me
1113 929 1394 1021 Agamemnonem

364 1045 511 1118 aemulari
526 1063 637 1142 putas,
655 1046 775 1116 falleris
790 1073 798 1115 :
813 1071 955 1140 namque
972 1047 1026 1115 ille
1042 1071 1118 1138 cum
1137 1047 1289 1116 universa
1299 1048 1393 1115 Grae·

364 1168 415 1237 cia
432 1169 487 1236 vix
506 1167 620 1236 decem
641 1167 735 1234 annis
756 1189 856 1235 unam
873 1165 961 1258 cepit
977 1166 1113 1250 urbem;
1127 1189 1188 1260 ego
1204 1179 1321 1234 contra
1335 1155 1393 1248 ea,

365 1311 432 1356 una
453 1287 534 1354 urbe
554 1299 681 1371 nostra,
703 1283 819 1378 dieque
836 1307 918 1371 uno,
935 1297 1037 1353 totam
1059 1285 1233 1372 Graeciam,
1245 1283 1393 1354 Lacedae-

365 1405 484 1474 moniis
502 1405 637 1498 fugatis,
652 1404 826 1474 liberavi.»

412 1526 470 1609 VI.
484 1523 577 1592 Idem
593 1548 696 1617 quum
711 1524 745 1592 in
764 1536 965 1594 conventum
984 1523 1128 1592 venisset
1142 1521 1325 1608 Arcadum,
1336 1546 1393 1615 pe-

325 1729 327 1734 .
350 1655 454 1730 Utens,
474 1656 512 1710 ut
531 1643 721 1712 societatem
744 1668 820 1710 cum
836 1643 1003 1738 ¹Thebanis
1024 1658 1058 1710 et
1077 1643 1214 1735 Argivis
1227 1641 1392 1724 facerent;

366 1775 544 1853 contraque
566 1753 788 1848 Callistratus,
811 1762 1060 1830 Atheniensium
1086 1759 1225 1855 legatus,
1248 1761 1305 1852 qui
1324 1757 1392 1827 elo-

366 1881 497 1970 quentia
512 1905 624 1948 omnes
640 1906 679 1948 eo
696 1881 869 1974 praestabat
881 1895 1046 1975 tempore,
1065 1857 1316 1974 postularet„ut
1332 1904 1392 1972 po-

368 1999 432 2065 tius
460 2000 636 2067 amicitiam
663 2014 877 2092 sequerentur
900 2001 1108 2087 Atticorum3
1130 2001 1219 2076 etin
1243 1999 1391 2066 oratione

251 2190 254 2198 ¹
367 2140 425 2185 sua
443 2117 546 2187 multa
564 2119 711 2187 invectus
728 2134 812 2188 esset
824 2120 858 2186 in
878 2118 1049 2188 Thebanos
1066 2134 1099 2187 et
1115 2121 1268 2213 Argivos,
1282 2119 1316 2186 in
1329 2118 1390 2186 eis·

365 2260 430 2328 que
442 2236 506 2307 hoc
519 2238 695 2330 posuisset,
708 2237 1003 2307 «animadvertere
1013 2237 1131 2307 debere
1140 2237 1301 2327 Arcadas,
1311 2262 1389 2330 qua-

368 2354 414 2424 les
431 2371 570 2449 utraque
587 2359 701 2427 civitas
716 2359 803 2426 cives
820 2372 1038 2451 procreasset,
1056 2383 1097 2426 ex
1113 2359 1231 2451 quibus
1247 2357 1287 2425 de
1303 2373 1390 2426 cete·
1470 2383 1476 2400 =

366 2477 410 2543 ris
435 2491 568 2568 possent
592 2476 749 2569 judicare.
774 2480 914 2571 Argivos
943 2479 1031 2549 enim
1055 2477 1153 2546 fuisse
1181 2479 1331 2548 Orestem
1358 2493 1392 2545 et

367 2593 586 2682 Alcmaeonem
612 2595 820 2680 matricidas3
838 2597 958 2664 Thebis
983 2595 1151 2690 OEdipum
1171 2607 1300 2684 uatum,
1317 2597 1390 2689 qui,

365 2737 468 2807 quum
480 2694 613 2808 patrem
629 2739 725 2782 suum
739 2715 976 2802 interfecisset,
994 2741 1034 2784 ex
1052 2731 1157 2785 matre
1176 2716 1295 2786 liberos
1314 2742 1391 2809 pro-

364 2848 522 2919 creassct;
534 2863 551 2896 a
568 2834 622 2900 hic
645 2835 679 2901 in
704 2833 933 2927 respondendo
953 2836 1211 2928 Epaminondas,
1224 2861 1328 2929 quum
1350 2838 1390 2904 de

364 2953 478 3018 ceteris
490 2965 671 3044 perorasset
682 2968 879 3046 ,postquam
892 2953 933 3022 ad
947 2953 1001 3022 illa
1014 2930 1079 3022 duo
1095 2957 1271 3048 opprobria
1281 2979 1391 3048 perve-

365 3069 439 3144 nit;
459 3069 652 3160 «Admirari
669 3095 717 3157 se,
734 3071 832 3158 dixit,
849 3072 1021 3141 stultitiam
1041 3074 1181 3142 rhetoris
1201 3075 1316 3164 Attici,
1333 3067 1388 3167 qui

364 3212 432 3256 non
447 3188 716 3258 animadverterit
730 3191 919 3260 innocentes
937 3190 1009 3260 illos
1025 3207 1139 3277 natos,
1159 3192 1249 3261 domi
1269 3192 1389 3262 scelere

363 3307 519 3396 admisso,
540 3333 644 3400 quum
668 3311 775 3400 patria
799 3326 908 3379 essent
925 3311 1064 3404 expulsi,
1081 3327 1231 3405 receptos
1256 3337 1325 3380 esse
1347 3314 1387 3380 ab

364 3427 646 3496 Atheniensibus.»
658 3427 721 3496 Sed
736 3431 875 3498 maxime
891 3431 961 3523 ejus
974 3429 1161 3525 eloquentia
1176 3432 1278 3500 eluxit
1291 3435 1389 3524 Spar·

363 3559 403 3613 tae
416 3544 529 3638 legati,
541 3562 617 3615 ante
631 3538 774 3642 pugnam
794 3551 1011 3619 Leuctricam.
1028 3554 1106 3640 Quo
1121 3579 1223 3647 quum
1238 3556 1386 3624 omnium

364 3665 526 3732 sociorum
547 3669 775 3736 convenissent
793 3667 905 3762 legati,
927 3695 1037 3739 coram
1061 3672 1322 3766 frequentissimo
1336 3671 1387 3748 le·

363 3784 531 3878 gationnm
559 3801 723 3854 conventu
753 3789 799 3856 sic
831 3791 1156 3861 Lacedaemoniorum
1181 3793 1386 3886 tyrannidem

362 3905 530 3999 coarguit,
554 3919 675 3972 utnon
697 3907 806 3976 minus
828 3907 884 3976 illa
904 3889 1051 3980 oratione
1075 3937 1153 4005 opes
1173 3935 1288 3981 eorum
1310 3937 1387 3980 con-

363 4026 514 4112 cusserit,
540 4049 640 4117 quam
666 4028 838 4096 Leuctrica
860 4053 980 4129 pugna.
1005 4034 1090 4098 Tum
1115 4030 1204 4104 enim
1230 4031 1386 4124 perfecit,
