3198 5174
611 699 820 754 numanus
873 757 875 762 ,
1160 725 1163 734 .
1215 699 1230 755 5

205 822 365 890 duceret:
388 825 457 916 ejus
476 824 601 915 pontis,
627 823 706 892 dum
732 827 801 918 ipse
822 827 1135 908 abesseacustodes
1158 829 1231 897 reli·

205 943 276 1032 quit
289 944 467 1034 principes,
485 968 567 1035 quos
585 957 697 1011 secum·
711 969 751 1011 ex
766 946 860 1013 Ionia
876 960 910 1012 et
933 944 1058 1014 AEolide
1079 948 1231 1033 duxerat3

204 1061 322 1150 quibus
339 1059 475 1153 singulis
495 1063 641 1153 ipsarum
659 1063 792 1130 urbium
808 1079 968 1155 perpetua
981 1064 1117 1133 dederat
1131 1069 1233 1160 impe·

202 1181 260 1246 ria.
273 1180 326 1246 Sic
338 1181 426 1246 enim
436 1183 580 1272 putavit,
594 1177 748 1248 facillime
760 1205 793 1249 se
805 1206 910 1275 graeca
921 1181 1034 1276 lingna
1047 1183 1231 1275 loquentes,

200 1299 258 1390 qui
276 1300 390 1366 Asiam
410 1297 611 1383 incolerent,
628 1299 688 1392 sub
709 1325 766 1368 sua
783 1315 991 1370 retenturum
1010 1317 1186 1395 potestate,
1205 1309 1231 1373 si

200 1419 315 1486 amicis
341 1420 408 1486 suis
434 1418 557 1511 oppida
581 1418 702 1486 tuenda
727 1419 931 1511 tradidisset,
950 1423 1085 1514 quibus,
1111 1448 1145 1490 se
1172 1449 1239 1516 op-
1295 1495 1296 1499 ,
1331 1501 1332 1504 Ἴ

200 1563 328 1632 press0,
349 1536 440 1638 nulla
460 1562 534 1629 spes
548 1536 664 1606 'salutis
677 1537 927 1631 relinqueretur.
945 1544 984 1608 In
1001 1542 1064 1608 hoe
1080 1541 1144 1610 fuit
1161 1557 1232 1610 tum
1267 1568 1269 1574 ·

200 1682 340 1726 numero
371 1656 551 1744 Miltiades,
578 1658 632 1723 cui
665 1655 721 1725 illa
747 1659 895 1726 custodia
922 1659 1121 1727 crederetur.
1152 1663 1231 1748 Hic,

200 1803 303 1870 quum
320 1776 428 1845 crebri
445 1775 601 1864 afferrent
615 1778 742 1862 nuntii,
760 1776 931 1845 malerem
948 1781 1060 1871 gerere
1076 1780 1230 1866 Darium,

199 1899 372 1992 premique
391 1897 431 1963 ab
455 1896 600 1988 Scythis3
621 1894 789 1963 Miltiades
807 1897 957 1965 hortatus
971 1912 1021 1964 est
1034 1899 1145 1990 pontis
1161 1923 1232 1966 cus-

198 2016 308 2104 todes,
325 2040 396 2082 nea
410 2001 543 2083 fortuna
561 2013 670 2082 datam
687 2016 892 2083 occasionem
909 2015 1084 2084 liberandae
1096 2017 1230 2084 Graeciae

198 2137 404 2204 dimitterent
424 2161 432 2203 ε
449 2160 540 2222 nam,
559 2136 585 2202 si
604 2159 680 2202 cum
699 2136 750 2202 his
767 2136 883 2226 copiis,
911 2159 993 2226 quas
1005 2160 1115 2202 secum
1126 2149 1231 2204 trans-

195 2269 402 2354 portaverat,
421 2255 597 2322 interiisset
616 2255 751 2340 Darius,
765 2278 833 2320 non
857 2253 963 2322 solum
978 2258 1145 2348 Europam
1159 2254 1230 2322 fore

195 2390 322 2461 tutam,
340 2373 512 2441 sedetiam
538 2397 609 2458 eos,
629 2374 686 2463 qui
709 2373 820 2440 Asiam
844 2371 1026 2441 incolerent
1049 2375 1156 2441 Graeci
1173 2399 1228 2466 ge-

195 2518 298 2578 nere,
310 2490 430 2559 liberos
451 2515 467 2559 a
495 2494 668 2558 Persarum
692 2489 821 2558 futuros
844 2487 1067 2563 dominatione
1087 2507 1119 2559 et
1143 2494 1229 2584 peri-

197 2612 286 2682 culo.
305 2611 343 2681 Id
355 2626 388 2678 et
402 2608 497 2678 facile
506 2609 592 2678 effici
605 2634 699 2705 posse
712 2637 720 2677 :
734 2625 835 2703 ponte
851 2611 939 2677 enim
950 2611 1104 2696 rescisso,
1119 2635 1229 2702 regem

196 2731 251 2800 vel
264 2733 410 2799 hostium
425 2730 529 2815 ferre,
541 2730 591 2798 vel
608 2731 735 2822 inopia,
746 2729 859 2821 paucis
876 2727 991 2796 diebus
1007 2730 1228 2795 interiturum.

195 2853 249 2922 Ad
270 2852 335 2918 hoc
353 2847 527 2918 consilium
548 2873 651 2941 quum
669 2845 817 2941 plerique
845 2846 1053 2935 accederent,
1076 2847 1229 2914 Histiaeus

194 2970 363 3055 Milesius,
381 2993 491 3036 neres
511 2967 741 3052 conficeretur,
756 2966 898 3052 obstitit,
911 2965 1037 3054 dicens,
1055 2991 1121 3033 nou
1142 2965 1229 3033 idem

193 3092 293 3184 ipsiS,
313 3091 370 3180 qui
389 3113 531 3156 summas
555 3087 686 3180 imperii
702 3100 852 3154 tenerent
876 3084 1043 3178 expedire,
1065 3100 1098 3152 et
1117 3084 1229 3154 multi-

193 3209 322 3293 tudini,
339 3208 428 3299 quod
448 3207 541 3275 Darii
559 3213 662 3299 regno
679 3202 825 3296 ipsorum
845 3195 1007 3273 niteretur
1028 3205 1228 3271 dominatio:
1291 3281 1293 3286 ¹

192 3355 262 3423 quo
274 3327 448 3412 exstincto,
460 3327 548 3418 ipsos
563 3339 724 3417 potestate
736 3321 889 3415 expulsos
899 3323 1025 3390 civibus
1040 3325 1106 3390 suis
1117 3348 1229 3415 poenas

192 3451 344 3518 daturos.
364 3448 480 3537 ltaque
493 3443 575 3512 adeo
591 3469 625 3512 se
641 3443 818 3510 abhorrere
836 3467 855 3509 a
874 3456 1060 3509 ceterorum
1077 3439 1228 3528 consilio,

192 3587 229 3639 nt
252 3565 340 3636 nihil
368 3579 462 3658 putet
490 3564 570 3657 ipsis
595 3559 725 3646 utilius,
751 3587 850 3654 quam
877 3560 1064 3628 confirmari
1088 3585 1227 3653 regnum

186 3693 382 3759 Persarum.
412 3685 520 3776 Hujus
543 3706 646 3773 quum
672 3682 868 3748 sententiam
888 3676 1023 3772 plurimi
1048 3693 1155 3747 essent
1179 3705 1229 3748 se.-

189 3814 277 3894 cuti,
301 3800 575 3900 Miltiades,non
601 3800 771 3885 dubitans,
792 3815 856 3890 tam
878 3798 991 3867 multis
1009 3800 1163 3886 consciis,
1186 3798 1227 3866 ad

189 3933 278 4026 regis
291 3947 395 3994 aures
416 3919 553 3988 consilia
576 3945 636 3988 sua
654 3934 868 4013 perventura,
890 3919 1133 3988 Chersonesum
1152 3917 1228 3985 reli·

189 4053 335 4146 quit„ac
347 4064 461 4110 rursus
478 4040 623 4108 Athenas
640 4038 844 4132 demigravit.
860 4039 963 4130 Cujus
985 4039 1068 4104 ratio
1081 4037 1141 4104 etsi
1158 4060 1225 4103 non

189 4155 310 4253 ualuit,
339 4177 451 4229 tamen
478 4183 676 4251 magnopere
696 4174 746 4227 est
769 4157 945 4242 laudanda,
966 4180 1069 4247 quum
1090 4156 1226 4223 amicior
1313 4169 1315 4174 “

188 4292 342 4362 omnium
361 4278 522 4364 libertati,
539 4302 638 4370 quam
657 4302 721 4344 suae
738 4277 837 4344 fuerit
852 4275 1078 4344 dominationi.
