3168 5048
383 463 436 534 154
470 443 472 451 ‘
713 473 888 530 comem
909 473 1065 531 unrons
1179 535 1181 538 ,

379 614 474 694 gator
490 626 539 687 es,
558 625 661 693 quum
679 599 820 669 maluisti
838 599 969 695 culpam
988 601 1170 695 deprecari,
1189 625 1294 693 quam·
1308 603 1408 698 culpa

376 743 500 790 vacare.
525 721 610 790 Nam
630 733 740 812 petere
758 721 885 787 veniam
904 719 1063 807 solemus,
1081 734 1138 789 aut
1157 745 1260 812 quum
1278 723 1406 815 impru-

377 837 489 909 dentes
504 841 698 924 erravimus,
716 853 773 906 aut
787 864 889 931 quum
905 839 1065 932 compulsi
1080 841 1295 933 peccavimus.
1314 841 1406 928 Tibi,

376 957 496 1051 inquit,
517 983 576 1027 oro
600 974 645 1046 tc,
668 959 741 1051 quis
761 957 919 1053 perpulit,
939 972 977 1026 ut
997 958 1031 1025 id
1052 959 1288 1046 committeres,
1313 960 1406 1052 quod

375 1079 567 1172 priusquam
586 1078 723 1167 faceres,
741 1093 880 1172 peteres,
901 1093 937 1147 ut
950 1080 1183 1172 ignosceretur.
1199 1107 1216 1141 »
1235 1079 1404 1173 Scriptum

375 1199 438 1266 hoc
461 1214 510 1267 est
534 1199 568 1266 in
596 1197 680 1266 libro
704 1197 847 1267 Cornelii
869 1199 1007 1292 Nepotis
1032 1197 1072 1264 de
1094 1195 1281 1265 illustribus
1302 1197 1404 1267 Viris.

379 1319 516 1405 Gellius,
534 1343 586 1408 xi,
609 1319 645 1405 83
663 1333 698 1388 et
712 1319 859 1388 Macmb.
877 1322 1011 1388 Sarum.
1025 1340 1167 1412 proceru.
1185 1330 1268 1386 extr.

674 1596 889 1666 CORNELII
915 1595 1102 1664 NEPOTIS

630 1803 696 1852 ΠΒ.
718 1803 730 1848 1
752 1803 797 1850 DE
818 1803 910 1850 VITA
930 1801 1139 1852 CICERONIS.

419 2029 478 2097 IV.
505 2025 677 2096 Cornelius
698 2028 808 2119 Nepos
829 2041 862 2094 et
884 2050 994 2095 rerum
1016 2027 1181 2094 memoriae
1201 2050 1269 2094 non
1288 2024 1402 2094 indili-

371 2172 464 2243 gens,
484 2161 517 2215 et
536 2148 583 2215 M.
606 2146 790 2229 Ciceronis,
811 2160 847 2213 ut
867 2146 923 2238 qui
940 2146 1096 2231 maxime,
1116 2146 1240 2214 amicus
1258 2144 1402 2214 familia-

266 2353 267 2356 *
370 2267 480 2361 risque
498 2265 570 2334 fuit.
588 2267 698 2358 Atque
717 2265 744 2334 is
761 2280 869 2334 umen
887 2265 921 2332 in
940 2262 1047 2358 primo
1064 2262 1240 2351 librorum,
1258 2288 1340 2359 quos
1359 2267 1402 2336 de

370 2385 435 2456 vita
453 2383 541 2455 illius
561 2384 759 2478 composuit,
777 2407 899 2452 errasse
917 2383 1058 2468 videtur,
1078 2407 1181 2475 quum
1200 2407 1276 2452 eum
1294 2385 1402 2479 scn'p·

370 2505 413 2574 sit
434 2519 500 2574 tres
517 2519 551 2572 et
571 2503 689 2596 viginti
709 2528 812 2571 annos
834 2517 949 2572 natum
971 2503 1111 2597 primam
1131 2521 1264 2572 causam
1281 2502 1400 2598 judicii

370 2623 492 2719 publici
503 2623 619 2717 egisse,
637 2624 836 2714 Sextumque
849 2621 1021 2710 Roscium,
1033 2619 1201 2716 parricidii
1215 2646 1323 2710 reum,
1341 2622 1401 2692 de·

370 2741 519 2812 fendisse.
541 2741 679 2824 Gellius,
697 2725 752 2827 xu,
768 2742 825 2830 28,
836 2766 893 2836 pr.
1289 2819 1290 2823 Ἰ

295 2862 298 2876 ”
416 2863 553 2928 Frustra
572 2858 719 2928 Tullium
744 2860 948 2954 suspicimus.
970 2860 1083 2929 Refert
1108 2862 1196 2930 enim
1222 2850 1399 2932 Cornelius

368 2979 497 3072 Nepos,
520 3002 554 3047 sc
575 2992 748 3072 prasente,
771 2978 887 3046 iisdem
913 3002 995 3072 pene
1019 2981 1140 3068 verbis,
1166 2982 1285 3074 quibus
1308 2979 1398 3051 edita

368 3110 433 3183 est,
454 3121 526 3165 eam
548 3120 609 3190 pro
632 3095 801 3185 Cornelio,
826 3097 978 3166 seditioso
998 3099 1150 3185 tribuno,
1175 3099 1399 3170 defensionem

368 3227 563 3309 peroratam.
583 3215 819 3309 Hieronymus,
841 3218 933 3312 epist.
956 3239 1036 3285 nxxr
1055 3217 1107 3284 ad
1122 3219 1395 3303 Pammachium,

368 3360 396 3402 c.
421 3341 454 3421 4.

668 3477 885 3569 commen
908 3439 1096 3550 umoris
1177 3516 1184 3530 ·

581 3685 637 3734 Lm.
656 3689 668 3734 1
684 3687 908 3735 nrrsrottnutt
925 3689 970 3736 An
988 3689 1182 3740 CICERONEM·
1238 3645 1240 3648 Ι

415 3925 456 3992 V.
482 3926 625 3992 Tantum
643 3923 748 4011 abest,
766 3939 804 3995 ut
820 3951 881 4021 ego
899 3929 1088 4021 magistram
1106 3953 1175 3998 esse
1191 3944 1303 4024 putem
1321 3931 1393 4000 vitae

368 4039 623 4135 philosophiam,
638 4043 804 4138 beataeque
815 4048 889 4116 vitae
900 4046 1140 4141 perfectricem,
1155 4065 1192 4118 ut
1209 4049 1307 4120 nullis
1323 4076 1393 4120 ma-
