3114 5032
334 455 389 512 186
594 455 752 510 tosltttts
773 455 887 512 llliNll.
910 455 1106 514 SCHLEGEL

370 580 466 636 stium
482 598 500 634 a
516 597 546 634 se
560 577 718 634 coniectum
735 579 840 636 librum
855 592 994 638 memorat
1009 581 1158 638 Cornelius
1173 583 1205 638 in
1223 586 1290 640 vita
1309 588 1437 642 Dio-

330 673 387 740 nis,
402 689 462 744 cap.
482 671 499 728 3
516 691 524 724 τ
541 671 620 726 «Sed
637 667 673 726 de
691 671 747 726 hoc
762 669 901 748 (Philisto)
915 673 944 730 iu
969 692 1004 729 eo
1027 692 1092 728 meo
1112 675 1189 734 libro
1209 677 1304 750 plura
1335 693 1439 734 sur

332 763 476 836 exposita,
494 761 543 836 qni
559 763 595 816 de
611 761 749 817 historicas
763 763 938 838 conscriptus
954 774 1004 832 est.
1016 789 1029 814 u
1049 767 1133 822 Hunc
1150 768 1250 822 locnm
1267 769 1324 824 ita
1356 791 1438 826 ex—

332 854 493 928 ptimndmn
506 872 580 922 asse,
593 853 671 926 quod
683 855 779 927 Nepos
793 854 904 928 scripsit
918 856 1069 929 separatim
1083 857 1118 912 de
1127 856 1278 914 historicis
1286 864 1438 932 gazds

332 958 361 1002 et
373 947 408 1003 de
421 945 530 1014 latinis,
543 945 673 1002 discimus
686 965 702 1002 e
715 948 773 1003 lac.
786 947 863 1004 Frid.
878 947 1060 1022 Heusingeri,
1074 948 1223 1004 clarissimi
1236 952 1321 1021 viri,
1344 955 1435 1010 dis-

332 1039 496 1107 sertatione,
511 1057 572 1111 qua·
587 1037 707 1094 editioni
721 1039 841 1114 Nepotis
853 1038 1040 1095 Fischerianae
1056 1040 1166 1112 adjecta
1178 1052 1231 1096 est.
1245 1045 1279 1098 ls
1294 1047 1432 1114 enin,

333 1152 418 1206 qnam
434 1131 546 1188 codices
560 1130 738 1186 bibliothece
753 1129 977 1206 Guelferbytanae
996 1133 1196 1205 perlustraret,
1212 1134 1431 1192 obseravit

333 1224 363 1279 in
378 1222 545 1298 perantiquo
563 1220 611 1298 (ad
630 1224 752 1278 seculum
768 1222 844 1278 enim
860 1241 892 1276 rr
908 1220 1051 1300 refertur),
1069 1224 1118 1297 qui
1135 1225 1287 1280 orationes
1305 1229 1430 1284 Cine-

333 1317 411 1372 ronis
427 1314 597 1388 Philippicas
613 1314 753 1383 continet,
766 1311 896 1388 praefixos
909 1313 936 1369 ei
952 1331 1011 1370 esse
1025 1314 1151 1386 ejusdem
1167 1316 1284 1370 librarii
1297 1337 1425 1374 rrum

333 1409 404 1464 duos
417 1426 434 1462 e
446 1405 580 1461 Cornelio
593 1408 672 1461 locos
683 1406 826 1480 hucusque
843 1405 1019 1480 incognitos,
1034 1407 1083 1480 qui
1099 1407 1139 1462 sic
1156 1407 1385 1466 inscribuntu-
1408 1434 1422 1465 :

336 1500 478 1556 Conaelius
490 1498 583 1570 Nepos
602 1499 630 1552 ia
646 1498 714 1552 libro
731 1499 767 1552 de
779 1497 919 1554 historicus
935 1500 1048 1566 Mais,
1063 1499 1100 1554 de
1117 1499 1202 1554 laude
1218 1500 1417 1560 Ciceronis.

335 1590 445 1664 Plangit
460 1589 491 1644 in
509 1589 605 1662 priore
622 1591 686 1645 loco
703 1589 846 1646 Ciceronis
860 1601 981 1646 mortem
998 1602 1213 1666 praematuram,
1231 1594 1278 1648 his
1299 1607 1416 1652 utun

336 1682 453 1738 verbis:
473 1682 546 1736 allle
568 1681 644 1738 enim
664 1681 716 1737 fuit
736 1700 821 1752 unus,
839 1681 887 1756 qui
905 1682 1046 1755 potuerit,
1066 1682 1116 1756 qui
1138 1684 1224 1738 etiam
1243 1684 1411 1742 debuerit

336 1773 483 1828 historiam
498 1771 583 1846 digna
602 1791 672 1829 voce
689 1773 873 1848 pronuntiare
874 1814 960 1830 .........
982 1775 1025 1830 Ex
1042 1793 1099 1847 quo
1122 1774 1241 1844 dubito,
1261 1776 1409 1834 interitu

336 1863 396 1936 ejus
415 1873 506 1918 utrum
526 1864 722 1938 respublica,
741 1883 778 1920 an
804 1864 922 1921 historia
942 1865 1031 1940 magis
1057 1867 1182 1922 doleat.»
1205 1868 1405 1925 observavit

337 1955 414 2011 idem
436 1949 639 2030 Heusingerus,
661 1956 787 2012 codicem
805 1957 931 2014 Cornelii
952 1957 1072 2030 Nepotis
1093 1957 1125 2012 in
1146 1959 1246 2014 eadem
1269 1961 1403 2018 biblio-

337 2048 431 2118 theca,
447 2067 530 2121 qnem
552 2047 608 2105 500
628 2067 767 2106 armorum
788 2049 915 2118 aestimat,
932 2049 1006 2106 hanc
1025 2051 1093 2106 vitae
1114 2049 1230 2106 Catonis
1244 2053 1400 2124 preferre

337 2140 550 2215 inscriptionem
566 2161 573 2196 :
589 2143 759 2215 Excerptum
781 2127 1029 2196 elibro'cometii
1044 2143 1161 2216 Nepotis
1183 2145 1220 2198 de
1239 2143 1398 2202 hutone&

338 2234 440 2288 hairu.
461 2232 568 2289 Citatur
589 2233 734 2289 Cornelius
752 2232 782 2287 in
799 2232 856 2288 vita
871 2233 1008 2302 Terentii,
1030 2234 1088 2289 sive
1109 2253 1126 2290 a
1147 2236 1263 2290 Donato
1286 2236 1353 2292 sive
1373 2257 1395 2293 a

338 2324 473 2381 Suetonio
486 2325 655 2399 perscripta3
671 2324 790 2382 citantur
804 2344 821 2379 a
839 2325 985 2392 Suetonio,
1001 2324 1031 2379 in
1047 2325 1128 2380 libris
1146 2325 1184 2380 de
1200 2326 1284 2382 claris
1298 2329 1392 2383 Rhe·

339 2418 446 2473 toribus
465 2419 546 2473 etde
565 2418 647 2474 claris
669 2415 874 2484 Grammaticis,
893 2416 950 2470 loci
968 2435 983 2472 e
1005 2417 1152 2485 Cornelio,
1169 2417 1217 2490 qui
1233 2417 1270 2472 ad
1287 2418 1393 2474 histo-

338 2509 410 2566 riam
427 2510 622 2564 Romanorum
636 2508 799 2564 litterariam
817 2517 951 2580 spectant.
971 2511 1095 2582 Apparet
1114 2508 1196 2577 inde,
1214 2507 1391 2566 Cornelium

339 2619 399 2656 non
412 2602 501 2656 solum
517 2601 553 2659 de
569 2599 721 2668 historicis,
734 2598 784 2656 sed
797 2598 880 2654 etiarn
893 2598 928 2656 de
943 2598 1004 2655 aliis
1018 2597 1099 2655 claris
1113 2599 1277 2656 auctoribus
1291 2602 1390 2676 serip-

339 2711 415 2750 sisse.

379 2787 506 2844 Credidit
530 2789 563 2842 G.
583 2788 611 2841 J.
634 2787 765 2852 Vossius,
788 2794 901 2862 etpost
925 2802 988 2840 eum
1007 2785 1034 2840 J.
1059 2785 1095 2840 A.
1121 2784 1281 2852 Fabricius,
1305 2804 1387 2841 con-

340 2878 481 2950 scripsisse
498 2877 663 2935 Cornelium
682 2876 850 2950 singularem
869 2875 971 2932 librum
994 2877 1031 2930 de
1050 2875 1183 2950 Regibus.
1201 2875 1320 2930 Vossius
1337 2877 1388 2932 his

339 2970 426 3026 utitur
444 2970 538 3026 verbis
558 2970 588 3026 in
603 2969 661 3025 vita
677 2967 821 3024 Cornelii:
836 2968 958 3022 «Praeter
975 2967 1158 3040 imperatores
1176 2966 1293 3022 seorsim
1312 2986 1387 3022 exa-

339 3079 415 3117 rasse
430 3060 535 3116 librum
551 3061 586 3117 de
602 3061 738 3135 Regibus,
753 3069 918 3134 argumento
934 3059 993 3112 haec
1006 3069 1101 3127 erunt,
1114 3077 1176 3132 quae
1190 3058 1385 3114 Timoleontis

339 3153 403 3208 vitae
419 3153 513 3209 subdit
529 3173 537 3209 ι
554 3154 592 3210 Ηὶ
612 3153 669 3211 sere
688 3152 799 3208 dierunt
815 3149 927 3207 Graeciae
946 3150 1038 3223 gentis
1056 3149 1156 3220 duces,
1175 3150 1224 3224 qui
1240 3153 1385 3207 memoria

340 3246 420 3322 digni
437 3246 620 3316 videbantur,
633 3256 733 3320 praeter
748 3262 836 3318 reges.
857 3244 983 3315 Namque
1000 3260 1048 3297 eos
1068 3242 1206 3316 attingere
1222 3241 1387 3312 noluimus,

340 3340 418 3414 quod
439 3339 565 3406 omnimn
580 3358 625 3394 res
643 3347 725 3413 gestae
741 3335 891 3409 separatim
913 3345 976 3390 sunt
995 3335 1098 3389 relatae.
1116 3335 1216 3407 Neque
1236 3344 1331 3388 tamen
1353 3337 1387 3391 hi

340 3431 494 3488 admodum
510 3443 575 3487 sunt
587 3431 696 3486 multi.»
711 3428 783 3484 Mihi
798 3445 867 3482 vero
884 3426 1046 3498 neutiquam
1061 3427 1121 3480 haec
1136 3426 1225 3482 rerba
1241 3427 1387 3497 Cornelii,

340 3525 556 3597 quodomnium
575 3519 620 3578 r‘es
636 3532 726 3598 gestae
750 3517 905 3592 separatim
929 3529 993 3576 sunt
1014 3520 1131 3586 reiatoe,
1150 3518 1190 3573 ita
1211 3518 1386 3590 explicanda

339 3617 485 3684 videntur,
505 3616 583 3689 quasi
603 3616 640 3672 ad
662 3633 748 3678 unum
778 3612 911 3666 volumen
933 3629 949 3664 a
975 3629 1004 3664 se
1026 3610 1216 3684 conscriptum
1238 3611 1383 3683 respiciat.

339 3709 532 3763 Monstrosum
550 3707 656 3782 aliquid
681 3717 708 3762 et
727 3705 807 3760 bono
827 3714 939 3758 auctore
960 3720 1060 3776 parum
1077 3701 1195 3774 dignum
1211 3702 1298 3756 habet
1316 3701 1385 3756 idea

341 3799 483 3856 scribendi
498 3799 601 3856 librum
621 3800 666 3854 vel
682 3797 845 3852 historicum
862 3796 908 3850 vel
927 3794 1142 3868 biographicum
1160 3795 1197 3848 de
1211 3793 1335 3868 Regibus
1349 3795 1383 3848 in

341 3912 457 3967 genere,
467 3892 572 3966 absque
585 3892 640 3946 ulla
655 3888 887 3946 denominatione
903 3886 1014 3961 populi,
1030 3886 1075 3942 cui
1087 3885 1297 3958 imperaverint.
1312 3887 1384 3940 Tale

342 3986 410 4058 quid
429 3985 562 4041 Cornelio
580 3984 611 4039 in
631 3993 753 4038 mentem
773 3981 881 4036 venisse
901 3999 960 4034 non
982 3978 1076 4033 credo.
1095 3981 1215 4033 Excusat
1235 3996 1263 4032 se
1286 3978 1383 4050 potius

342 4079 491 4146 hocloco,
516 4074 593 4151 quod
617 4077 646 4130 in
672 4074 849 4150 exponendis
871 4076 1031 4126 Graecorum
1059 4070 1276 4144 imperatoribus
1300 4088 1383 4144 reges
