3198 5174
641 617 846 675 ursanum.
1085 577 1087 584 ¹
1223 622 1257 676 31

221 773 298 841 quaa
315 760 541 840 postmortem
556 745 589 812 in
605 743 705 813 domo
716 745 787 837 ejus
799 760 1006 846 repertaest3
1021 748 1055 816 in
1069 772 1136 841 qua
1144 748 1260 817 suadet

222 867 499 952 Lacedaemoniis,
515 879 568 950 ut,
581 865 672 959 regia
685 879 848 958 potestate
862 863 1036 953 dissoluta,
1054 891 1095 936 ex
1106 869 1259 938 omnihus

224 988 291 1058 dux
310 986 475 1082 deligatur
493 985 536 1054 ad
552 983 676 1054 bellum
691 986 894 1080 gerendum,
919 987 977 1056 sed
996 990 1044 1056 ita
1066 991 1203 1084 scripta,
1222 1007 1259 1059 ut

223 1114 371 1179 Deorum
387 1108 557 1202 videretur
570 1131 753 1202 congruere
773 1109 960 1201 sententia,
974 1121 1072 1203 'quam
1086 1109 1186 1181 illese
1197 1112 1258 1180 ba-

222 1232 384 1318 biturum,
398 1230 543 1324 pecunia
554 1223 683 1316 'fidens,
703 1255 770 1300 non
787 1229 968 1300 dubitabat.
986 1235 1081 1301 Hanc
1100 1233 1130 1300 ei
1152 1234 1258 1326 scrip-

222 1353 299 1421 sisse
311 1350 417 1420 Cleon
433 1347 700 1418 Halicarnasseus
714 1348 843 1417 dicitur.

269 1474 328 1540 lv.
346 1473 456 1563 htque
480 1470 545 1538 hoc
573 1468 649 1537 loco
677 1494 743 1537 non
768 1485 817 1538 est
840 1467 1105 1562 pratereundum
1131 1472 1257 1540 factum

210 1592 441 1677 Pharnabazi,
466 1591 605 1682 satrapis
628 1590 720 1683 regii.
744 1591 958 1681 Namquum
979 1591 1163 1684 Lysander,
1180 1615 1258 1685 prae-

219 1710 326 1779 fectus
339 1708 467 1798 classis,
479 1710 514 1777 in
524 1707 612 1778 bello
628 1707 734 1777 multa
746 1706 922 1776 crudeliter
939 1734 1101 1802 avareque
1115 1711 1256 1797 fecisset,

219 1830 328 1923 deque
341 1831 392 1899 his
403 1830 501 1898 rebus
513 1829 735 1922 suspicaretur
749 1827 790 1897 ad
805 1829 895 1896 cives
904 1853 978 1901 suos
992 1853 1062 1897 esse
1075 1829 1255 1922 perlatum,

216 1951 316 2044 petiit
334 1975 353 2018 a
369 1945 600 2034 Pharnabazo,
616 1963 653 2017 ut
668 1948 710 2016 ad
724 1947 866 2041 ephoros
883 1948 944 2016 sibi
958 1950 1186 2034 testimonium
1201 1950 1258 2018 da·

216 2086 285 2158 ret,
298 2086 422 2164 quanta
436 2071 609 2139 sanctitate
621 2067 746 2137 bellum
760 2071 924 2164 gessisset,
941 2072 1112 2163 sociosque
1123 2051 1259 2139 tractas·
1305 2123 1307 2126 -

216 2206 289 2276 set,
306 2191 413 2285 deque
433 2217 471 2259 ea
490 2217 526 2260 re
544 2204 695 2259 accurate
713 2191 886 2275 scriberet;
904 2215 1060 2285 magnam
1076 2193 1165 2262 enim
1185 2193 1257 2285 ejus

214 2312 453 2380 auctoritatem
469 2311 503 2377 in
519 2336 558 2379 ea
572 2327 609 2378 re
624 2310 781 2378 futuram.
797 2310 883 2378 Huic
899 2308 953 2378 ille
965 2309 1145 2379 liberaliter
1159 2310 1256 2404 polli-

214 2444 335 2499 cetur:
351 2428 473 2498 librum
494 2454 627 2523 gravem
648 2427 761 2497 multis
779 2429 888 2497 verbis
903 2430 1114 2522 conscripsit,
1137 2433 1171 2497 in
1189 2455 1256 2523 quo

213 2553 355 2618 summis
366 2529 442 2617 eum
450 2548 545 2618 effert
557 2547 721 2616 laudibus.
732 2549 842 2636 Quem
856 2573 959 2641 quum
972 2547 1103 2643 legisset
1117 2547 1254 2644 probas·

213 2671 348 2762 setque,
363 2669 443 2738 dum
458 2669 664 2766 obsignatur,
678 2666 817 2736 alterum
828 2669 900 2764 pari
910 2653 1152 2762 magnitudine,
1163 2684 1257 2738 tanta

212 2789 435 2859 similitudine
454 2804 492 2857 ut
519 2789 662 2858 discerni
679 2816 746 2858 non
762 2805 890 2883 posset,
909 2791 1075 2886 signatum
1097 2792 1255 2886 subjecit,

212 2913 252 2978 in
273 2935 341 3002 quo
357 2909 601 3007 accuratissime
623 2911 692 3003 ejus
710 2911 882 2978 avaritiam
899 2909 1138 3006 perfidiamque
1156 2911 1254 2981 accu-

211 3013 315 3100 sarat.
333 3031 420 3098 Hinc
436 3030 606 3125 Lysander
623 3017 759 3099 domum
776 3009 881 3124 quum
892 3029 1057 3118 rediisset,
1078 3047 1255 3126 postquam

210 3151 258 3220 de
279 3151 347 3218 suis
367 3151 466 3218 rebus
483 3152 581 3248 gestis
602 3150 691 3244 apud
709 3151 891 3218 maximum
911 3153 1159 3245 magistratum,
1182 3177 1255 3246 quae

209 3267 382 3357 voluerat,
404 3269 546 3367 dixerat,
565 3270 746 3338 testimonii
767 3269 839 3337 loco
859 3268 981 3337 librum
1003 3271 1253 3340 aPharnabazo

209 3390 333 3460 datum
356 3367 500 3459 tradidit.
518 3393 630 3478 Hunc,
646 3404 812 3458 summoto
819 3389 1008 3483 Lysandro,
1019 3415 1128 3484 quum·
1137 3392 1254 3484 ephori

209 3524 430 3606 cognossent,
448 3512 510 3603 ipsi
527 3507 704 3604 legendum
725 3509 896 3578 dederunt.
912 3513 965 3578 Ita
982 3508 1037 3578 ille
1061 3511 1255 3604 imprudens

209 3633 287 3725 ipse
301 3656 380 3699 suus
389 3630 453 3704 tuit
471 3647 651 3700 accusator.
