3198 5174
406 653 578 714 CORNELII
599 654 756 712 NEPOTIS
776 647 1048 712 TunnsYuULth‘.
1202 659 1237 726 43

217 796 304 870 sent,
324 783 444 875 partim
464 779 714 868 interfecissent,
733 778 952 871 plurimorum
970 779 1057 848 bona
1073 776 1238 872 publicata

217 901 303 967 inter
323 923 357 967 se
380 897 576 983 divisissent3
601 919 669 964 non
694 894 800 972 solum
820 897 989 990 princeps,
1014 895 1070 966 sed
1094 913 1127 967 et
1150 898 1238 970 solus

218 1018 328 1103 initio,
345 1014 467 1084 bellum
485 1017 536 1084 his
554 1014 683 1082 indixit.
766 1049 768 1054 ·

174 1121 176 1129 '
261 1139 303 1203 Π.
328 1137 391 1204 Hic
406 1136 493 1202 enim
508 1157 611 1226 quum
626 1131 752 1227 Phylen
767 1132 980 1226 confugisset,
997 1133 1086 1226 quod
1102 1150 1151 1202 est
1168 1161 1238 1205 cas·

216 1252 328 1322 tellum
345 1254 379 1321 in
396 1254 507 1322 Attica
521 1252 792 1338 munitissimum,
811 1275 878 1318 non
889 1247 970 1344 ¹plus
986 1251 1100 1321 habuit
1113 1277 1236 1331 secum,
1294 1347 1299 1355 ι

103 1378 105 1383 ’
214 1395 313 1464 quam
336 1372 471 1464 triginta
494 1370 534 1439 de
554 1371 630 1444 suis.
652 1375 724 1438 Hoc
748 1371 877 1438 initium
903 1369 965 1438 fuit
986 1370 1096 1439 salutis
1116 1373 1238 1440 Attico·
1274 1405 1275 1410 ¹

214 1513 309 1576 rum;
336 1489 400 1556 hoc
417 1489 526 1580 robur
546 1487 704 1556 libertatis
736 1487 921 1556 clarissimae
950 1489 1098 1556 civitatis.
1124 1492 1238 1581 Neque

214 1631 293 1674 vero
318 1607 372 1675 hic
397 1631 464 1674 non
487 1621 695 1700 contemptus
717 1621 766 1675 est
789 1609 895 1701 primo
918 1632 936 1676 a
959 1608 1121 1700 tyrannis,
1141 1622 1237 1700 atque
1306 1692 1308 1697 s

212 1725 285 1818 ejus
307 1725 463 1795 solitudo..
486 1730 571 1815 Quae
591 1726 724 1818 quidem
744 1749 795 1794 res
818 1739 850 1793 et
871 1725 934 1794 illis
959 1725 1238 1794 contemnentibus

214 1845 387 1938 perniciei;
404 1860 436 1914 ct
452 1845 529 1913 huic
545 1846 694 1940 despecto
711 1844 808 1914 saluti
824 1845 896 1912 fuit.
916 1849 993 1912 Haec
1008 1847 1095 1913 enim
1109 1843 1181 1914 illos
1196 1846 1238 1914 ad

215 1963 475 2058 persequendum
494 1989 622 2058 segnes,
643 1965 708 2032 hosv
722 1978 849 2044 autem,
874 1977 1019 2056 tempore
1042 1963 1083 2031 ad
1104 1988 1237 2057 compa·

215 2081 354 2151 randum
376 2083 471 2168 dato,
493 2082 571 2150 fecit
590 2082 799 2150 robustiores.
821 2084 899 2170 Quo
923 2083 1023 2175 magis
1041 2098 1236 2177 praeceptum

215 2196 297 2268 illud
310 2201 459 2278 omnium
476 2200 641 2267 inanimis
656 2224 723 2268 esse
737 2198 844 2284 debet,
860 2199 976 2270 «Nihil
991 2201 1026 2268 in
1041 2198 1127 2270 bello
1142 2227 1238 2296 opor-

217 2330 284 2385 tere
306 2319 511 2401 contemni3n
535 2342 595 2385 nec
619 2319 687 2385 sine
711 2342 807 2385 causa
832 2318 915 2398 dici,
943 2321 1116 2398 «Matrem,
1132 2321 1237 2388 timidi

137 2431 142 2442 ⁸
215 2435 293 2504 llere
308 2461 376 2504 non
391 2435 532 2504 solere.»
548 2438 662 2529 Neque
678 2451 786 2504 tamen
804 2461 863 2529 pro
879 2437 1030 2529 opinione
1045 2437 1237 2531 Thrasybuli

214 2567 317 2621 auctae
335 2568 411 2622 sunt
431 2578 518 2646 opes.
539 2557 625 2624 Nam
643 2556 799 2648 jamtum
819 2553 883 2622 illis
903 2555 1102 2647 temporibus
1121 2557 1237 2627 fortius
1263 2633 1265 2637 ,

214 2670 293 2739 boni
312 2696 373 2764 pro
398 2670 544 2740 libertate
563 2670 792 2765 loquebantur,
816 2696 915 2765 quam
934 2674 1237 2772 pugnabantHinc

215 2789 256 2857 iu.
271 2790 429 2858 Piraeeum
453 2793 597 2876 transiit,
616 2791 884 2883 Munichiamque
906 2793 1054 2860 munivit.
1075 2796 1168 2862 Hanc
1188 2795 1237 2864 bis

215 2909 346 3001 tyranni
365 2903 558 3002 oppugnare
580 2924 659 2977 sunt
682 2904 807 2996 adorti3
834 2909 876 2977 ab
895 2933 997 3000 eaque
1021 2912 1160 3003 turpiter
1185 2937 1237 2980 re-

215 3023 316 3118 pulsi,
335 3028 485 3121 protinus
503 3029 538 3095 iu
554 3027 689 3116 urbem,
707 3025 805 3096 armis
821 3027 1126 3120 impedimentisque
1143 3031 1237 3098 amis·

214 3144 271 3231 sis,
293 3145 492 3238 refugerunt.
517 3147 611 3213 Usus·
625 3159 673 3214 est
694 3141 915 3236 Thrasybulus
939 3169 1006 3212 non
1030 3147 1137 3214 minus
1158 3171 1236 3239 pru·

214 3260 336 3347 dentia,
356 3288 454 3356 quam
474 3263 675 3332 fortitudine.
700 3265 785 3332 Nam
805 3261 952 3330 cedentes
971 3261 1087 3331 violari
1104 3266 1206 3333 vetuit
1227 3293 1234 3333 :

212 3381 297 3448 cives
312 3381 401 3448 enim
416 3382 540 3452 civibus
553 3386 688 3475 parcere
702 3405 831 3474 aequum
844 3380 1003 3452 censebat.
1019 3382 1133 3474 Neque
1150 3385 1237 3475 quis-
1280 3435 1286 3444 .

212 3523 312 3590 quam
336 3513 385 3567 est
402 3498 605 3588 vulneratus,
630 3501 693 3566 nisi
716 3501 773 3590 qui
795 3500 885 3591 prior
908 3499 1102 3591 impugnare
1122 3499 1233 3568 voluit

115 3711 119 3718 1
211 3618 387 3687 Neminem
395 3619 558 3711 jacentem
566 3633 655 3686 veste
668 3616 843 3710 spoliavit:
861 3615 907 3684 nil
915 3617 1039 3708 attigit,
1057 3618 1119 3685 nisi
1131 3642 1234 3704 arma,

212 3751 354 3831 quorum
370 3737 550 3830 indigebat,
566 3753 598 3805 et
613 3761 684 3830 quae
701 3736 743 3804 ad
759 3737 879 3803 victum
899 3734 1112 3828 pertinebant.
1132 3737 1171 3806 In
1186 3763 1235 3804 se-

212 3856 320 3925 cundo
345 3854 461 3950 proelio
485 3855 602 3924 cecidit
626 3856 760 3940 Critias,
787 3853 854 3922 dux
876 3867 1109 3946 tyrannorum,
1134 3879 1233 3947 quum

211 3978 345 4070 quidem
361 3976 554 4044 exadversus
571 3972 812 4066 Thrasybulum
828 3965 1001 4040 fortissime
1017 3986 1187 4065 pugnaret.
1215 4059 1217 4064 ,

258 4101 317 4166 III.
344 4101 416 4164 Hoc
433 4094 575 4188 dejecto,
593 4092 767 4160 Pausanias
784 4092 874 4158 venit
893 4090 1010 4157 Atticis
1027 4087 1161 4165 auxilio,
1179 4114 1232 4158 rex

211 4200 548 4282 Laccdaemouiorums
562 4216 593 4280 Is
611 4212 696 4278 inter
713 4207 969 4302 Thrasybulum,
986 4221 1018 4274 et
1030 4230 1085 4274 eos
1103 4207 1159 4298 qui
1179 4231 1233 4275 ur-
