3198 5174
633 575 845 632 nauseans,
867 547 870 618 l
1215 574 1251 628 23

221 701 365 794 superbe
383 699 618 793 respondebat,
639 715 673 768 et
696 697 873 768 crudeliter
890 696 1082 790 imperabat.
1101 697 1251 788 Spartam
1279 687 1282 692 Δ

227 818 333 888 redire
353 816 488 887 nolebat
499 842 506 884 :
519 816 686 906 Colonas,
705 818 762 910 qui
781 815 872 886 locus
888 817 925 882 in
944 839 1024 908 agro
1039 814 1177 884 Troadis
1189 831 1252 902 est,

225 963 258 1008 se
277 935 481 1023 contulerat3
505 937 553 1005 ibi
576 933 728 1021 consilia,
747 959 852 1029 quum
867 935 1000 1027 patriae,
1016 948 1086 1003 tum
1107 934 1169 1002 sibi
1187 935 1252 1004 ini·

138 1069 142 1079 '
224 1058 324 1140 mica,
343 1056 505 1150 capiebat.
523 1055 563 1123 Id
580 1069 754 1148 postquam
772 1053 1012 1124 lacedaemonii
1032 1054 1251 1142 resciverunt,

221 1174 347 1270 legatos
362 1175 404 1244 ad
420 1199 496 1244 eum
506 1197 582 1244 curn
600 1171 723 1268 scytale
740 1173 903 1243 miseruut
919 1197 927 1239 τ
944 1172 980 1238 in
990 1195 1056 1265 qua
1071 1194 1164 1242 more
1175 1171 1251 1240 illn-

221 1317 297 1362 rum
317 1307 389 1362 erat
404 1294 582 1386 scriptum,
600 1291 662 1361 nisi
677 1292 812 1363 domum
828 1305 1064 1376 reverteretur,
1082 1315 1116 1360 se
1135 1291 1252 1384 capitis

221 1435 297 1480 eum
324 1411 549 1482 damnaturos.
577 1414 648 1480 Hoc
674 1411 792 1483 nuntio
817 1423 1017 1498 commotus,
1038 1433 1190 1504 sperans,
1218 1435 1252 1478 se

225 1532 320 1600 etiam
342 1547 417 1600 tuna
434 1535 573 1627 pecunia
593 1545 625 1600 et
643 1511 790 1624 potebtia
806 1533 932 1600 instans
951 1529 1135 1626 periculum
1155 1555 1251 1624 posse

222 1648 402 1744 depellere,
426 1650 561 1722 domum
584 1649 691 1722 rediit.
714 1655 790 1720 Huc
808 1651 970 1738 ut'venit,
991 1650 1044 1718 ab'
1058 1649 1193 1742 ephoris
1214 1649 1249 1716 in

221 1766 355 1838 vincula
373 1766 505 1861 publica
524 1767 692 1860 conjectus
706 1782 765 1836 est.
779 1768 873 1836 Licet
885 1768 972 1838 enim
990 1766 1118 1862 legibus
1134 1791 1249 1835 eorum

221 1887 325 1956 cuivis
339 1888 466 1980 ephoro
481 1887 544 1956 hoc
564 1887 668 1956 facere
684 1888 764 1981 regi.
782 1887 870 1956 Hinc
886 1901 996 1956 tamen
1013 1911 1048 1955 se
1063 1885 1247 1980 expedivit:

223 2028 330 2097 neque
348 2029 389 2073 eo
409 2007 512 2098 magis
533 2006 666 2074 carebat
684 2005 888 2100 suspicione3
910 2029 987 2074 nam
1004 2005 1117 2097 opinio
1135 2029 1248 2074 mane·

220 2111 290 2209 bat,
311 2148 388 2191 eum
408 2147 485 2192 cum
499 2149 577 2217 rege
595 2123 715 2192 habere
730 2125 929 2194 societatem.
948 2127 1007 2194 Est
1022 2147 1125 2217 genus
1144 2123 1249 2216 quod·

220 2241 296 2307 (lam
316 2241 503 2329 hominum,
524 2239 614 2333 quod
636 2241 769 2330 Helotes
788 2255 945 2328 vocatur,
965 2265 1108 2334 quorum
1128 2265 1247 2335 magna

220 2356 400 2427 multitudo
423 2382 518 2451 agros
544 2357 865 2428 Lacedaemoniorum
893 2358 986 2444 colit,
1011 2383 1247 2450 servorumque

219 2500 356 2543 munere
379 2475 537 2570 fungitur.
552 2480 631 2544 -Hos
655 2500 788 2572 quoque
808 2476 983 2546 sollicitare
1006 2501 1064 2570 spe
1087 2474 1247 2544 libertatis

149 2667 152 2678 ¹
216 2594 474 2664 existimabatur.
486 2594 564 2684 Sed,
577 2595 667 2688 quod
680 2597 798 2664 harum
809 2621 921 2666 rerum
931 2585 1063 2684 nullum
1074 2610 1143 2663 erat
1156 2619 1247 2688 aper-

218 2727 289 2793 tum
318 2714 457 2802 crimen,
482 2739 549 2807 quo
574 2716 668 2808 argui
695 2729 819 2809 posset,
840 2738 908 2782 non
933 2694 1105 2807 putabant¹
1118 2713 1159 2781 de
1187 2713 1245 2781 tali

218 2847 349 2926 tamque
366 2830 460 2902 claro
476 2835 547 2901 viro
574 2833 817 2928 suspicionibus
836 2848 990 2926 oportere
1010 2830 1170 2926 judicari,
1189 2831 1247 2900 sed

215 2951 470 3045 expectandum,
491 2952 570 3020 dum
589 2978 623 3020 se
637 2954 706 3046 ipsa
725 2977 777 3020 res
796 2954 948 3045 aperiret.

263 3071 321 3139 IV.
343 3071 481 3138 Interim
510 3069 656 3164 Argilius
681 3069 816 3163 quidam
843 3067 1120 3154 adolescentulus,
1146 3093 1243 3162 quem

195 3282 198 3290 Ι
216 3212 356 3282 puerum
372 3191 553 3259 Pausanias
569 3215 682 3258 amore
697 3213 837 3258 venereo
854 3187 1025 3277 dilexerat,
1043 3214 1146 3281 quum
1163 3191 1246 3282 epis-

216 3307 317 3376 tolam
336 3309 377 3376 ab
396 3332 435 3376 eo
449 3307 490 3376 ad
509 3308 711 3376 Artabazum
725 3309 915 3402 accepisset,
932 3309 1027 3400 eique
1039 3307 1073 3375 in
1088 3308 1245 3399 suspicio·

217 3452 292 3495 nem
312 3429 468 3515 venisset,
489 3425 615 3522 aliquid
638 3405 676 3496 iu¹
693 3451 730 3496 ea
749 3425 790 3494 de
813 3451 847 3494 se
869 3451 938 3495 esse
956 3427 1132 3519 scriptum,
1154 3426 1241 3516 quod

215 3571 312 3614 nemo
328 3571 440 3615 eorum
456 3546 621 3635 rediisset,
639 3548 695 3641 qui
713 3571 811 3640 super
830 3544 887 3613 tali
904 3569 1001 3613 eausa
1017 3542 1133 3612 eodem
1152 3543 1243 3611 missi

214 3680 327 3751 erant;
339 3664 473 3735 vincula
483 3664 628 3761 epistolae
642 3665 776 3750 laxavit,
790 3666 949 3758 signoque
962 3663 1109 3734 detracto
1123 3688 1243 3757 cogno·

214 3786 274 3870 vit,
292 3785 319 3852 si
332 3783 542 3877 pertulisset,
558 3787 621 3854 sibi
640 3809 709 3854 esse
722 3784 938 3878 pereundum.
959 3788 1063 3854 Erant
1077 3785 1111 3851 in
1128 3782 1242 3852 eadem

214 3902 370 3996 epistola,
390 3928 462 3997 quae
478 3904 518 3972 ad
539 3929 577 3972 ea
596 3904 822 3997 pertinebant,
840 3927 912 4001 quae
927 3905 1140 3998 interregem
1155 3906 1242 3970 Pau·

213 4024 403 4116 saniemque
416 4038 647 4092 couvenerant.
660 4027 727 4090 Has
741 4021 795 4092 ille
809 4020 934 4090 litteras
948 4022 1081 4114 ephoris
1095 4019 1240 4088 tradidit.

213 4143 288 4210 Non
299 4157 347 4211 est
358 4142 586 4236 praetereunda
597 4144 740 4236 gravitas
751 4125 1072 4210 lacedaemoniorum
1084 4138 1239 4208 hocloco:
