3198 5174
347 439 385 508 tss
431 499 435 512 ,
682 440 856 496 conuictu
878 439 1030 494 uueorrs

348 564 500 655 laumque
519 560 676 629 bellatum
703 562 863 629 misissent
882 563 916 628 in
935 562 1059 648 Asiam3
1080 561 1220 628 maxime
1239 558 1370 654 impulsi

229 731 237 741 -
349 709 367 751 a
388 681 615 776 Tissapherne,
632 680 689 772 qui
707 696 746 754 etr
764 679 888 748 intimis
909 680 993 773 regis
1014 678 1056 756 ab
1073 679 1214 746 amicitia
1231 679 1299 770 ejus
1316 677 1371 744 de-

351 800 488 888 fecerat,
506 813 630 867 etcum
650 798 901 866 Lacedaemoniis
919 799 1038 866 coierat
1055 797 1239 864 societatem
1256 824 1264 864 ι
1284 796 1373 864 hunc

351 919 506 987 adversus
521 916 751 984 Pharnabazus
768 916 898 984 habitus
915 929 965 983 est
980 916 1171 1009 imperator;
1187 939 1223 982 re
1241 915 1374 1007 quidem

353 1062 428 1106 vera
452 1036 604 1104 exercitui
629 1034 758 1126 praefirit
782 1037 916 1120 Conon,
943 1033 1077 1130 ejusque
1105 1034 1215 1101 omnia
1239 1034 1374 1100 arbitrio

353 1171 440 1252 gesta
461 1168 546 1223 sunt.
566 1154 628 1222 Hic
644 1153 783 1222 multum
803 1152 918 1221 ducem
933 1177 1097 1221 summum
1113 1151 1299 1243 Agesilaum
1319 1153 1377 1220 im·

354 1273 491 1368 pedivit,
510 1295 658 1364 saepeque
677 1271 746 1362 ejus
765 1268 907 1337 consiliis
925 1269 1057 1337 obstitit.
1076 1272 1190 1362 Neque
1212 1294 1290 1338 vero
1309 1295 1377 1338 non

355 1393 419 1461 fuit
431 1404 597 1484 apertum,
611 1389 637 1457 si
649 1387 702 1456 ille
714 1412 780 1456 non
790 1388 918 1472 fuisset,
930 1387 1119 1482 Agesilaum
1131 1389 1257 1477 Asiam,
1270 1395 1378 1459 Tauro

251 1545 255 1552 ·
357 1525 468 1595 tenus,
486 1507 554 1600 regi
571 1504 670 1574 fuisse
688 1518 884 1600 erepturum.
899 1507 966 1593 Qui
981 1520 1189 1599 posteaquam
1207 1506 1341 1576 domum
1359 1533 1379 1576 a

326 1713 327 1716 Ἴ
357 1629 424 1696 suis
442 1625 567 1694 civibus
589 1639 756 1692 revocatus
778 1638 843 1708 est,
867 1623 956 1715 quod
978 1625 1088 1692 Baeotii
1110 1639 1143 1693 et
1166 1626 1380 1696 Athenienses

357 1743 610 1815 Lacedaemoniis
638 1741 759 1810 bellum
785 1741 983 1829 indixerant,
1009 1723 1125 1812 Conon
1151 1743 1381 1814 nihilosecius

359 1863 447 1958 apud
467 1861 633 1954 praefectos
653 1860 737 1952 regis
757 1861 956 1944 versabatur,
974 1861 1089 1954 hisque
1108 1863 1260 1932 omnibus
1277 1865 1381 1931 maxi·

359 2006 414 2049 mo
432 1995 502 2050 erat
519 1981 604 2049 usui.

407 2101 468 2166 ΙΠ.
493 2097 663 2167 Defecerat
681 2122 791 2194 aroge
807 2097 1052 2194 Tissaphernes,
1068 2123 1175 2193 neque
1191 2101 1225 2169 id
1241 2116 1309 2170 tam
1325 2106 1385 2172 Ar·
1476 2102 1479 2108 ’

361 2218 484 2286 taxerxi
505 2242 604 2310 quam
626 2219 758 2307 ceteris,
783 2233 852 2286 erat
878 2232 1038 2320 apertum.
1059 2219 1174 2287 Multis
1200 2224 1286 2290 enim
1313 2248 1383 2291 ma-

260 2409 264 2416 ,
363 2339 500 2431 gnisque
520 2338 643 2406 meritis
659 2337 747 2429 apud
764 2361 887 2431 regem,
907 2337 1004 2406 etiam
1022 2362 1124 2429 quum
1142 2341 1176 2406 in
1195 2339 1302 2409 officio
1318 2366 1385 2410 non

363 2468 522 2540 maneret,
541 2455 680 2524 valebat.
699 2456 814 2547 Neque
831 2453 865 2522 id
885 2455 1085 2544 mirandum,
1105 2458 1131 2525 si
1149 2482 1215 2525 non
1235 2459 1328 2528 facile
1345 2462 1387 2529 ad

363 2572 561 2643 credendum
581 2572 815 2660 adducebatur,
836 2575 1045 2642 reminiscens
1061 2570 1130 2668 ejus
1149 2601 1183 2644 se
1203 2602 1302 2672 opera
1321 2583 1387 2673 Cy·

364 2716 438 2759 rum
455 2691 588 2798 lratrem
606 2713 782 2786 superasse.
802 2695 909 2786 Hujus
927 2694 1098 2762 accusandi
1116 2698 1220 2789 gratia
1236 2701 1352 2767 Conon
1369 2725 1390 2766 a

364 2809 575 2879 Pharnabazo
599 2809 642 2878 ad
664 2834 771 2903 regem
791 2812 927 2898 missus,
952 2821 1174 2906 posteaquam
1187 2816 1296 2903 venit,
1320 2818 1389 2911 pri-

271 2975 273 2979 ,
366 2953 471 3015 mum,
484 2954 523 2996 ex
534 2954 625 2997 more
636 2932 824 3016 Persarum,
837 2928 879 2997 ad
893 2929 1125 3018 chiliarchum,
1138 2935 1195 3025 qui
1209 2931 1390 3005 secundum

366 3048 503 3140 gradum
520 3049 648 3141 imperii
665 3047 808 3132 tenebat,
825 3049 1035 3117 Tithrausten
1055 3053 1203 3138 accessit,
1224 3079 1322 3148 seque
1339 3081 1391 3123 os-

365 3166 468 3234 tendit
483 3191 559 3234 cum
576 3191 652 3260 rege
669 3165 810 3260 colloqui
829 3165 920 3235 velle.
939 3169 1045 3238 Nemo
1063 3171 1150 3239 enim
1167 3173 1236 3240 sine
1251 3172 1313 3242 hoc
1331 3174 1390 3243 ad-

366 3287 513 3356 mittitur.
532 3287 617 3354 Huic
637 3285 691 3354 ille
710 3288 817 3379 inquit
836 3312 844 3353 :
865 3287 991 3356 «Nulla
1010 3314 1101 3358 mora
1119 3306 1183 3378 est3
1203 3292 1259 3360 sed
1280 3307 1316 3361 tu
1337 3295 1392 3371 ds

367 3406 482 3489 libera,
500 3421 611 3474 utrum
630 3405 771 3499 colloqui
790 3405 897 3491 malis,
917 3432 958 3475 an
975 3433 1034 3501 per
1051 3407 1173 3486 litteras
1192 3435 1301 3505 agere,
1319 3438 1392 3506 quae

367 3527 497 3617 cogitas.
517 3528 654 3594 Necesse
672 3539 719 3593 est
736 3526 838 3604 enim,
857 3526 883 3593 si
901 3526 934 3591 in
952 3543 1160 3621 conspectum
1178 3533 1319 3616 veneris,
1337 3557 1391 3600 ve-

368 3645 475 3711 nerari
490 3656 520 3710 te
535 3667 652 3737 regem.
669 3643 788 3738 (Quod
802 3657 971 3733 προσκυνεῖν
986 3645 1032 3713 illi
1045 3649 1191 3742 vocant.)
1205 3653 1277 3717 Hoc
1291 3653 1318 3718 si
1332 3651 1392 3718 tibi
1472 3655 1478 3666 '

368 3786 466 3856 grave
481 3774 545 3844 est,
564 3785 623 3853 per
635 3787 687 3830 me
704 3760 808 3830 nihilo
823 3765 925 3832 secius
942 3764 1035 3833 editis
1051 3765 1212 3836 mandatis
1225 3770 1391 3852 conficies,

274 3908 279 3918 ‚
368 3880 456 3972 quod
471 3879 589 3948 studes.
602 3909 619 3943 a
632 3882 715 3947 Turn
730 3885 870 3948 Conon:
889 3883 1099 3970 «Enimvero,
1117 3887 1239 3978 inquit,
1257 3913 1325 3956 non
1344 3905 1392 3957 est

369 4022 466 4092 grave
483 4000 628 4091 quemvis
648 3998 806 4067 honorem
827 4001 946 4068 habere
964 4005 1047 4096 regi3
1067 4004 1121 4072 sed
1140 4029 1270 4092 vereor,
1293 4032 1334 4074 ne
1351 4009 1392 4074 ci-
