3198 5174
396 673 568 730 CORNELII
588 673 745 728 NEPOTIS
765 673 1057 730 THEMISTOCLES.
1208 695 1238 731 lt

219 800 339 882 factus,
355 821 421 865 non
431 795 536 866 solum
553 797 705 888 praesenti
721 795 824 881 bello,
835 797 891 864 sed
908 799 1007 866 etiam
1023 797 1148 891 reliquo
1162 815 1243 866 tem·
1356 869 1357 873 ,
1438 808 1441 812 ’

221 941 315 1008 pore,
331 915 523 982 ferociorem
540 914 685 982 reddidit
696 915 871 982 civitatem.
886 917 972 984 Nam
988 941 1090 1008 quum
1103 919 1242 1010 pecunia

222 1032 368 1126 publica,
394 1059 466 1126 quae
488 1059 526 1100 ex
552 1031 692 1100 metallis
709 1033 856 1119 redibat,
877 1031 1051 1128 largitione
1075 1037 1244 1129 magistra..

223 1165 315 1219 tuum
334 1153 510 1243 quotannis
529 1152 695 1236 interiret;
723 1149 786 1237 illex
803 1153 965 1244 persuasit
992 1152 1130 1246 populO,
1150 1169 1187 1222 ut
1205 1139 1245 1222 ea

222 1270 360 1360 pecnnia
382 1267 492 1338 classis
515 1283 648 1338 centum
667 1270 800 1336 navium
819 1269 1044 1338 aedificaretur.
1064 1272 1141 1357 Qua
1162 1270 1245 1339 cele·
1325 1348 1331 1360 ¹

220 1386 301 1454 riter
317 1386 451 1472 effecta,
467 1387 610 1481 primum
636 1390 824 1482 Corcyraeos
844 1387 956 1481 fregit;
974 1388 1105 1478 deinde,
1122 1391 1245 1458 mariti-

221 1530 292 1574 mos
303 1505 472 1600 praedones
488 1506 719 1588 consectando,
733 1531 823 1576 mare
835 1521 944 1575 tutum
959 1507 1111 1575 reddidit.
1123 1511 1163 1576 In
1178 1532 1244 1600 quo

222 1649 325 1718 quum
343 1626 463 1694 divitiis
482 1627 627 1714 ornavit,
647 1640 715 1695 tum
738 1627 837 1695 etiam
857 1627 1070 1719 peritissimos
1087 1618 1165 1694 belli
1189 1651 1246 1696 na·

220 1743 302 1812 valis
318 1743 396 1815 fecit
412 1746 638 1814 Athenienses.
654 1746 693 1813 Id
708 1760 838 1838 quanta
856 1744 952 1814 saluti
972 1745 1070 1813 fuerit
1087 1747 1246 1814 universae

220 1866 373 1951 Greciae,
400 1863 487 1932 bello
512 1866 682 1958 cognitum
701 1879 749 1932 est
766 1845 917 1950 Persico,
936 1889 1038 1957 quum
1062 1868 1188 1932 Xerxes
1214 1878 1247 1931 et

221 1984 308 2052 mari
324 1996 357 2050 et
372 1997 460 2050 terra
473 1982 597 2051 bellum
615 1984 775 2051 universae
789 1981 925 2050 inferret
935 1987 1075 2076 Europae
1086 2007 1161 2051 cum
1174 1997 1247 2050 tan·

138 2145 142 2156 .
221 2103 267 2170 tis
295 2103 415 2195 copiis,
440 2116 580 2194 quantas
600 2125 707 2194 neque
732 2117 843 2186 antea,
863 2126 970 2194 neque
995 2116 1107 2194 postea
1132 2101 1249 2169 habuit

220 2221 409 2313 quisquam.
421 2221 528 2312 Hujus
547 2221 636 2289 enim
656 2208 764 2289 classis
789 2218 879 2288 mille
896 2235 929 2288 et
951 2219 1167 2288 ducentarum
1192 2243 1249 2286 nn·

221 2341 316 2409 vium
331 2337 505 2432 longarum
526 2338 604 2426 fuit,
626 2362 724 2430 quam
743 2337 809 2423 duo
830 2337 933 2408 millia
954 2340 1178 2406 onerariarum
1198 2361 1248 2405 se-
1313 2425 1320 2432 ἱ

223 2457 413 2550 quebantur
434 2481 442 2523 :
463 2471 632 2525 terrestres
648 2471 757 2526 autem
783 2457 944 2526 exercitus
967 2457 1247 2549 septingentorum

223 2573 369 2643 millium
397 2573 559 2668 peditum,
588 2577 736 2667 equiturn
765 2574 1081 2668 qtradringentorum
1107 2571 1248 2642 millium
1283 2642 1285 2647 ,

210 2693 370 2790 luerunt.
385 2695 489 2786 Cujus
509 2693 550 2762 de
563 2694 705 2762 adventu
717 2718 819 2786 quum
830 2693 917 2762 fama
933 2695 967 2761 in
985 2694 1148 2762 Graeciam
1167 2707 1250 2760 esset

222 2811 369 2907 perlata,
385 2827 417 2880 et
434 2815 575 2882 maxime
588 2813 802 2882 Athenienses
815 2815 882 2906 peti
898 2812 1101 2898 dicerentur,
1115 2823 1251 2904 propter

221 2955 370 3026 pugnam
399 2932 656 3016 Marathoniam
685 2933 847 3000 miserunt
869 2929 1017 3024 Delphos
1047 2929 1250 3012 consultum,

222 3049 385 3144 quidnam
406 3048 551 3118 facerent
570 3037 726 3118 derebus
748 3051 823 3118 suis.
845 3047 1113 3118 Deliberantibus
1134 3049 1251 3141 Pythia

222 3169 413 3262 respondit,
435 3185 474 3238 ut
491 3170 652 3238 moenibus
674 3167 790 3263 ligneis
808 3193 843 3236 se
864 3169 1041 3237 munirent.
1058 3167 1097 3235 Id
1117 3191 1252 3261 respon·
1371 3247 1373 3252 Ι

147 3293 150 3300 '
222 3313 302 3358 sum
321 3314 387 3382 quo
400 3288 534 3376 valeret,
552 3312 655 3380 quum
676 3286 873 3381 intelligeret
889 3311 1001 3372 nemo,
1014 3284 1253 3356 Themistocles

222 3409 407 3502 persuasit,
425 3407 597 3477 consilium
614 3431 683 3475 esse
698 3405 877 3500 Apollinis,
899 3422 938 3475 ut
956 3407 992 3472 in
1010 3430 1109 3474 naves
1125 3431 1159 3473 se
1178 3430 1252 3474 sua·

224 3551 294 3620 que
315 3527 519 3620 conferrent3
545 3550 620 3594 eum
637 3527 725 3594 enim
744 3550 764 3592 a
781 3528 854 3593 Deo
870 3524 1047 3618 significari
1061 3549 1193 3594 murum
1215 3522 1254 3591 li-

225 3669 361 3739 gneum.
378 3643 449 3732 Tali
466 3643 602 3714 consilio
616 3643 770 3736 probato,
784 3641 911 3742 addunt
925 3642 967 3710 ad
983 3643 1164 3735 superiores
1180 3643 1255 3709 toti·
1308 3681 1310 3700 ι

229 3764 306 3831 dem
329 3786 430 3839 naves
452 3763 617 3848 triremes;
642 3786 765 3854 suaque
785 3763 909 3847 omnia,
928 3786 1000 3854 quae
1024 3763 1149 3830 moveri
1166 3776 1256 3855 pote-

227 3896 321 3966 rant,
341 3883 460 3974 partim
485 3880 665 3967 Salamina,
689 3882 810 3975 partim
828 3884 984 3949 Troezena
1002 3895 1186 3975 asportant3
1206 3906 1256 3948 ar-

227 4025 301 4067 cem
330 3999 554 4067 sacerdotibus
578 4000 757 4092 paucisque
780 4001 959 4092 majoribus
984 4014 1078 4087 natu,
1100 4024 1138 4068 ac
1164 4023 1255 4067 sacra

228 4118 440 4212 procuranda
457 4117 605 4205 tradunt,
624 4117 789 4212 reliquum
806 4120 964 4213 oppidum
978 4118 1178 4212 relinquunt.
1200 4101 1204 4106 ⁵

243 4339 250 4356 Γ
280 4242 339 4306 ΙΙΙ.
359 4237 654 4330 Hujnsconsilium
671 4237 835 4331 plerisque
852 4239 1037 4308 civitatibus
1053 4237 1256 4331 displicebat,
