3198 5174
657 611 864 694 nummus.
1245 667 1260 716 7

176 803 178 809 ι
253 770 342 831 tate:
359 787 423 855 quo
442 762 648 850 factumest,
667 777 704 832 ut
727 763 800 855 plus
825 788 922 855 quam
952 761 1084 856 collegae
1106 762 1272 831 Miltiades

253 879 401 948 valuerit.
417 881 497 972 Ejus
516 884 603 948 enim
622 883 818 950 auctoritate
835 880 967 974 impulsi
987 882 1201 950 Athenienses
1217 906 1272 951 co·

252 1000 320 1092 pias
334 1023 374 1065 ex
391 999 471 1066 urhe
488 998 686 1087 eduxerunt,
698 999 836 1092 locoque
851 999 970 1068 idoneo
986 1015 1092 1068 castra
1107 999 1271 1084 fecerunt3

251 1115 367 1184 deiude
386 1131 518 1210 postero
534 1118 587 1187 die
602 1119 663 1188 suh
680 1119 801 1187 montis
815 1118 994 1203 radicibus,
1014 1120 1086 1187 acie
1102 1143 1120 1186 e
1137 1121 1271 1213 regione

250 1236 423 1322 instructa,
439 1261 524 1304 nova
538 1249 623 1323 arte,
638 1239 671 1305 vi
691 1261 818 1306 summa
841 1235 994 1330 proelium
1017 1237 1269 1305 commiserunt:

252 1377 393 1445 namque
408 1355 541 1424 arbores
556 1355 669 1424 multis
684 1353 765 1424 locis
783 1370 877 1424 erant
898 1369 1019 1443 stratae,
1036 1356 1099 1423 hoc
1119 1352 1270 1437 consilio,
1336 1357 1340 1367 ’

252 1485 289 1538 ut
304 1485 338 1538 et
353 1474 515 1541 montium
529 1457 718 1567 tegerentur
733 1472 923 1560 altitudine,
940 1487 973 1542 et
990 1473 1146 1541 arborum
1162 1486 1270 1541 tractu
1349 1503 1353 1511 ·

250 1590 415 1681 equitatus
432 1591 576 1659 hostium
595 1591 824 1685 impediretur,
848 1615 889 1660 ne
908 1590 1120 1659 multitudine
1141 1588 1271 1658 claude·

249 1723 374 1776 rentur.
394 1711 502 1798 Datis,
518 1711 579 1778 etsi
595 1734 662 1778 non
683 1735 812 1802 aequum
831 1707 941 1779 locum
966 1708 1097 1776 videbat
1122 1709 1203 1794 suis,
1222 1723 1270 1778 ta·

250 1851 342 1910 men,
354 1826 457 1896 fretus
470 1853 608 1896 numero
625 1829 794 1923 copiarum
807 1853 958 1914 suarum,
971 1826 1146 1920 confligere
1159 1828 1269 1920 cupie-

248 1947 318 2033 hat3
333 1972 438 2040 eoque
454 1950 570 2042 magis,
587 1949 691 2041 quod,
709 1950 898 2042 priusquam
914 1947 1152 2034 Lacedaemonii
1166 1947 1268 2040 suhsi·

249 2065 303 2132 ‹lio
312 2043 476 2152 venirent,
486 2067 642 2136 dimicare
656 2066 737 2136 utile
748 2067 978 2135 arbitrabatur.
992 2069 1106 2158 Itaque
1120 2066 1155 2133 in
1167 2068 1268 2133 aciem

248 2184 395 2276 peditum
412 2201 558 2271 centum,
579 2187 725 2278 equitum
742 2185 854 2254 decem
873 2184 974 2252 millia
993 2185 1165 2278 produxit,
1181 2209 1267 2277 proe-

248 2300 394 2393 liumque
417 2306 581 2379 commisit
598 2331 605 2371 :
620 2306 654 2372 in
671 2329 736 2395 quo
756 2318 849 2372 tanto
867 2303 940 2397 plus
956 2305 1079 2371 virtute
1091 2301 1267 2371 valuerunt

247 2421 526 2509 Athenienses,ut
537 2420 768 2514 decemplicem
777 2447 950 2490 numerum
962 2422 1105 2490 hostium
1114 2421 1267 2514 profliga-

138 2528 144 2540 „
247 2553 336 2624 rent;
348 2537 494 2632 adeoque
503 2555 764 2633 perterruerunt,
777 2555 815 2609 ut
826 2543 931 2608 Persae
940 2565 1006 2607 uon
1017 2554 1135 2626 castra,
1148 2539 1268 2607 sed-na·

247 2682 302 2725 ves
320 2670 478 2750 peterent.
498 2660 575 2746 Qua
591 2684 701 2753 pugna
715 2658 797 2728 nihil
812 2659 919 2727 adhuc
935 2659 985 2727 est
1000 2657 1158 2744 nobilius3
1177 2657 1265 2727 nulla

243 2777 335 2844 cuim
352 2801 498 2868 unquam
515 2792 581 2846 tam
600 2779 720 2872 exigua
736 2803 852 2846 manus
868 2791 974 2846 tantas
989 2801 1067 2870 opes
1078 2781 1264 2870 prostravit.

294 2897 351 2962 VI.
369 2896 472 2987 Cujus
487 2897 644 2983 victoriae,
665 2921 732 2964 nou
752 2896 894 2964 alienum
913 2895 1058 2981 videtur,
1075 2892 1171 2987 quale
1186 2919 1266 2988 prae·

241 3014 349 3082 mium
370 3013 512 3082 Miltiadi
528 3016 570 3082 sit
584 3015 762 3101 tributum,
780 3014 896 3083 docere
913 3039 922 3081 ε
939 3039 1011 3107 quo.
1024 3013 1152 3082 facilius
1169 3011 1262 3080 intel·

237 3132 302 3226 ligi
319 3133 422 3224 possit
439 3133 588 3218 eamdem
607 3135 755 3203 omnium
770 3134 938 3202 civitatum
955 3157 1023 3200 esse
1040 3133 1199 3201 natur'am.
1215 3133 1260 3203 Ut

232 3253 332 3323 enim
359 3250 472 3345 populi
497 3255 602 3323 nostri
622 3254 762 3322 honores
787 3249 953 3344 quondam
979 3250 1112 3319 fuerunt
1138 3249 1210 3316 rari‘
1229 3261 1260 3315 et

231 3390 372 3457 tenues,
392 3371 435 3439 oh
460 3394 597 3464 eamque
621 3395 751 3440 causam
771 3368 918 3464 gloriosi,
934 3391 1025 3436 nunc
1041 3382 1151 3436 autem
1167 3364 1260 3434 effusi

228 3510 343 3586 atque
357 3489 510 3576 obsoleti3
526 3492 573 3560 sic
589 3489 668 3560 olim
685 3490 772 3583 apud
790 3489 1005 3558 Athenienses
1026 3487 1122 3556 finsse
1140 3486 1260 3578 reperi·

226 3637 325 3684 mus.
335 3609 488 3702 Namque
500 3611 577 3678 huic
586 3606 744 3694 Miltiadi,
755 3609 811 3699 qui
821 3607 978 3694 Athenas,
988 3619 1156 3693 totamque
1172 3604 1259 3670 Grae·

222 3727 324 3804 ciam
343 3726 511 3816 liberarat,
527 3727 601 3796 talis
624 3728 731 3814 hoqor
746 3725 889 3794 tributus
905 3738 967 3809 est,
979 3724 1011 3792 in
1027 3721 1173 3814 porticu,
1189 3745 1260 3812 quae

220 3846 362 3926 Poecile
376 3860 528 3931 vocatur,
545 3870 647 3939 quum
666 3869 776 3939 pugna
793 3844 1023 3937 depingeretur
1038 3841 1259 3926 Marathonia,

222 3973 324 4045 utin
345 3963 458 4032 decem
479 3980 657 4056 pratorum
675 3987 814 4031 numero
830 3964 936 4054 prima
953 3961 1022 4050 ejus
1039 3963 1146 4050 imago
1163 3981 1255 4049 pone

220 4107 342 4172 retur,
356 4083 647 4174 isquehortaretur
656 4068 790 4163 milites,
799 4079 1016 4173 proeliumque
1028 4076 1257 4145 committeret.

217 4199 405 4300 Idemnillc
423 4193 578 4293 populus,
591 4214 802 4292 posteaquam
819 4198 923 4289 majus
939 4194 1112 4285 imperium
1122 4205 1169 4264 est
1186 4216 1258 4260 nac·
