3198 5174
220 700 1249 726 mmmmmwwmmmwmmmfflm

522 1320 949 1429 elusanus,

658 1711 814 1728 --·-·-¹····

221 1947 449 2094 Pausamas,
473 2006 753 2098 Lacedaemonius,
772 2032 911 2102 magnus
931 2008 1046 2096 homo,
1072 2008 1130 2076 sed
1146 2009 1255 2082 varius

221 2125 254 2191 in
279 2125 371 2191 omni
395 2149 514 2219 genere
538 2127 612 2194 vitae
635 2127 699 2195 fuit
720 2153 727 2194 :
752 2153 843 2215 nam,
871 2140 908 2194 ut
933 2109 1112 2195 virtutibus
1134 2126 1254 2216 eluxit,
1349 2121 1352 2129 ¹

170 2223 171 2227 Ἰ
221 2243 267 2311 sic
282 2244 372 2312 vitiis
395 2259 445 2312 est
465 2245 615 2314 obrutus.
633 2247 740 2339 Hujus
757 2244 1015 2315 illustrissimum
1033 2261 1083 2314 est
1102 2245 1256 2341 proelium

221 2363 308 2456 apud
325 2363 472 2434 Plataeas.
487 2368 639 2459 Namque
657 2365 713 2436 illo
724 2365 808 2434 duce
824 2367 1034 2451 Mardonius,
1047 2382 1193 2461 satrapes
1205 2394 1256 2437 re-

221 2484 308 2575 gius,
321 2485 601 2572 nationeutedus,
613 2487 699 2581 regis
710 2510 824 2580 gener,
840 2487 875 2554 in
889 2487 1005 2579 primis
1015 2487 1164 2555 omnium
1177 2490 1256 2556 Per·

220 2627 332 2671 sarum
352 2619 386 2672 et
408 2629 510 2672 manu
530 2605 623 2674 fortis
646 2620 681 2673 et
696 2603 828 2680 ,consilii
844 2605 988 2698 plenus,
1002 2630 1078 2674 cum
1103 2604 1255 2675 ducentis

220 2721 365 2792 millibus
377 2724 541 2818 peditum,
553 2747 636 2820 quos
649 2726 773 2793 viritim
789 2725 927 2820 legerat,
938 2740 972 2794 et
982 2725 1100 2820 viginti
1110 2724 1255 2795 millibus

219 2845 390 2936 equitum,
405 2845 495 2913 haud
512 2847 559 2914 ita
577 2871 698 2941 magna
713 2870 814 2914 manu
829 2846 956 2914 Graecia
972 2845 1105 2941 fugatus
1123 2861 1190 2932 est;
1202 2871 1256 2914 eo-

218 2990 283 3058 que
299 2967 368 3058 ipse
384 2964 451 3034 dux
467 2965 587 3034 cecidit
601 2965 728 3060 proelio.
741 2969 818 3056 Qua
831 2966 970 3034 victoria
980 2964 1097 3053 elatus,
1112 2965 1255 3060 plurima

163 3127 169 3138 ·
219 3087 357 3154 miscere
381 3087 496 3180 coepit,
514 3101 548 3156 et
567 3087 690 3180 majora
713 3087 958 3180 concupiscere.
976 3085 1040 3154 Sed
1056 3086 1202 3180 primunr
1220 3087 1254 3155 in

218 3230 258 3273 eo
278 3220 328 3274 est
353 3207 589 3299 reprehensus,
612 3206 703 3299 quod
730 3231 770 3289 ex
790 3205 900 3299 praeda
929 3205 1093 3300 tripodem
1118 3231 1253 3275 aureum

218 3324 358 3419 Delphis
373 3326 550 3419 posuisset,
563 3327 798 3422 epigrammate
809 3325 952 3419 scripto,
973 3326 1007 3392 in
1022 3350 1089 3419 quo
1102 3341 1173 3394 erat
1184 3327 1254 3395 haec

216 3449 397 3534 sententia,
426 3472 490 3518 suo
520 3471 636 3518 nucru
660 3471 837 3519 cinnanos
862 3471 958 3517 anun
985 3449 1253 3516 peternesse

219 3592 384 3655 nanuum,
400 3591 551 3650 musone
567 3592 734 3638 v1cron1m
751 3590 844 3637 anco
860 3570 1031 3637 Aeonum
1047 3587 1176 3635 nonunt
1192 3589 1254 3635 nn·

219 3712 323 3758 iussn.
349 3691 419 3758 Hos
444 3713 558 3757 versus
578 3686 821 3756 Lacedaemonii
847 3684 1115 3778 exsculpserunt,
1146 3710 1253 3778 neque

217 3806 309 3876 aliud
326 3809 544 3902 scripserunt,
565 3833 665 3901 quam
682 3809 817 3876 nomina
836 3831 949 3874 earum
968 3805 1155 3896 civitatum,
1174 3831 1254 3898 qua·

217 3953 293 3996 rum
309 3926 432 3997 auxilio
447 3931 553 3997 Persae
569 3943 665 3996 erant
679 3928 767 3996 victi.

265 4052 309 4116 II.
329 4052 410 4118 Post
433 4049 468 4118 id
489 4047 643 4142 proelium
664 4048 816 4116 eumdem
837 4049 1033 4116 Pausaniam
1055 4072 1131 4114 cum
1151 4048 1253 4114 classe

217 4171 390 4237 communi
405 4173 554 4264 Cyprum
574 4183 673 4260 atque
689 4167 940 4262 Hellespontum
957 4168 1131 4252 miserunt,
1151 4180 1188 4242 ut
1213 4189 1253 4233 ex

215 4288 268 4357 his
284 4289 477 4383 regionibus
486 4289 701 4358 barbarorum
718 4287 868 4381 praesidia
885 4285 1072 4380 depelleret.
1094 4287 1169 4354 Pari
1181 4283 1253 4353 feli·
