3168 5048
534 613 536 618 ·
599 535 813 606 assumus.
1189 559 1224 614 91

204 654 267 726 lica
284 683 292 726 ε
308 660 379 750 qui,
404 685 506 752 quum
527 662 648 730 victori
668 678 823 755 praesset
841 665 1015 751 exercitui,
1034 666 1228 733 maximam·

205 799 268 865 que
291 776 425 846 haberet
450 777 606 849 fiduciam
629 782 722 874 regni
745 785 921 850 Persarum
946 781 1112 873 potiundi,
1137 797 1228 852 tanta

207 894 358 962 modestia
379 896 470 965 dicto
488 899 625 968 audiens
641 898 710 968 tuit
727 903 826 993 jussis
847 901 1032 969 absentium
1057 901 1226 992 magistra·

206 1024 312 1100 tuum,
340 1029 379 1082 ut
407 1016 435 1084 si
459 1019 606 1110 privatus
634 1019 667 1085 in
693 1019 828 1087 comitio
854 1033 939 1088 esset
964 1021 1098 1111 Sparta.
1124 1020 1227 1110 Cujus

203 1131 387 1225 exemplum
408 1135 537 1204 utinam
561 1138 774 1229 imperatores
786 1138 902 1209 nostri
925 1138 1015 1229 sequi
1034 1132 1226 1204 voluissent!

199 1251 261 1318 Sed
280 1249 361 1320 illuc
376 1253 558 1322 redeamus.
576 1254 747 1349 Agesilaus
763 1255 1011 1348 opulentissimo
1031 1279 1133 1348 regno
1145 1279 1228 1346 prae·

197 1371 311 1461 posuit
323 1372 444 1442 bonam
462 1374 932 1468 existimationem3multoque
941 1375 1113 1469 gloriosius
1123 1373 1227 1459 duxit,

197 1489 224 1555 si
241 1490 404 1559 institutis
429 1493 543 1584 patriae
564 1495 740 1585 paruisset,
757 1518 856 1587 quam
883 1495 910 1561 si
934 1492 1022 1561 bello
1046 1505 1228 1586 superasset

197 1609 322 1702 Asiam.
340 1612 410 1677 Hac
430 1612 532 1704 igitur
554 1624 663 1680 mente
685 1607 935 1705 Hellespontum
954 1613 1064 1706 copias
1083 1611 1227 1702 trajecit,

197 1741 359 1820 tantaque
376 1753 454 1797 usus
472 1745 521 1798 est
538 1729 719 1819 celeritate,
739 1747 778 1799 ut
798 1731 886 1824 quod
910 1733 974 1799 iter
994 1735 1119 1799 Xerxes
1140 1753 1227 1796 anno

197 1861 349 1917 vertente
391 1848 600 1936 confecerat,
639 1850 693 1919 hic
730 1850 896 1918 transierit
934 1850 1067 1943 triginta
1100 1845 1224 1914 diebus.

196 1969 314 2055 Quum
329 1969 397 2060 jam
418 1968 507 2036 haud
527 1969 573 2037 ita
585 1967 682 2062 longe
695 1970 822 2038 abesset
838 1966 1109 2061 aPeloponneso,
1126 1964 1229 2033 obsis-

196 2100 271 2154 tere
287 2087 317 2154 ei
334 2088 444 2154 conati
460 2103 538 2155 sunt
551 2088 766 2157 Athenienses
784 2102 818 2155 et
831 2088 966 2172 Boeotii,
986 2086 1151 2176 ceterique
1173 2111 1229 2152 eo·

196 2229 277 2272 rum
299 2205 392 2291 socii,
413 2205 501 2298 apud
526 2208 710 2274 Coroneam
732 2229 840 2298 :quos
862 2229 975 2274 omnes
1000 2205 1090 2296 gravi
1113 2200 1229 2295 proelio

154 2337 159 2344 '
199 2324 294 2390 vicit.
312 2324 419 2417 Hujus
437 2325 582 2392 victoria
599 2324 651 2392 vel
668 2326 810 2392 maxima
829 2325 893 2392 fuit
907 2321 993 2410 laus,
1009 2321 1112 2413 quod,
1126 2343 1229 2411 quum

199 2441 352 2536 plerique
372 2466 413 2510 eu
432 2442 509 2535 fuga
532 2468 566 2511 se
589 2444 623 2512 in
642 2442 799 2536 templum
823 2444 981 2511 Minerva
999 2441 1229 2534 conjecissent,

198 2574 470 2654 quaerereturque
493 2564 534 2630 ab
555 2587 594 2630 eo
624 2562 704 2655 quid
724 2563 775 2630 his
797 2561 867 2630 fieri
887 2560 1003 2647 vellet3
1024 2561 1085 2628 etsi
1104 2557 1231 2650 aliquot

198 2680 518 2773 vulneraacceperat
527 2706 566 2749 eo
579 2680 710 2774 proelio,
723 2697 757 2750 et
773 2682 876 2749 iratus
892 2679 1064 2748 videbatur
1077 2677 1230 2746 omnibus

197 2801 260 2892 qui
278 2799 433 2868 adversus
446 2824 538 2867 arma
556 2798 715 2886 tulerant,
735 2814 845 2867 tamen
857 2797 1014 2867 antetulit
1029 2799 1086 2866 irae
1101 2795 1232 2890 religio-

196 2943 299 3006 nem,
316 2933 349 2987 et
373 2944 429 2987 eos
452 2921 555 2988 vetuit
580 2918 707 2988 violari.
736 2923 853 3012 Neque
875 2944 952 2987 vero
977 2919 1041 2986 hoc
1065 2916 1171 2986 solum
1195 2918 1230 2984 in

196 3039 333 3107 Graecia
358 3037 434 3106 lecit
463 3053 501 3105 ut
535 3036 655 3132 templa
683 3037 819 3106 deorum
848 3053 960 3107 sancta
989 3036 1145 3121 haberet3
1175 3034 1231 3104 sed
1256 3065 1270 3084 s

195 3159 303 3226 etiam
326 3156 415 3250 apud
432 3157 587 3224 barbaros
608 3181 737 3225 summa
755 3155 912 3250 religione
931 3158 1042 3224 omnia
1059 3153 1232 3223 simulacra

167 3365 169 3372 y
196 3301 341 3369 arasque
365 3277 580 3344 conservavit
598 3279 714 3368 Itaque
736 3275 932 3368 praedicabat
957 3276 1070 3342 mirari
1097 3299 1148 3356 se,
1165 3297 1231 3339 non

197 3394 436 3489 sacrilegorum
458 3419 596 3463 numero
616 3395 731 3462 haberi
748 3396 805 3487 qui
826 3393 1028 3487 supplicibus
1041 3417 1156 3460 eorum
1173 3415 1233 3458 no·

198 3516 366 3600 cuissent3
386 3529 529 3582 autnon
559 3514 764 3607 gravioribus
791 3515 894 3606 poenis
914 3512 1014 3597 affici,
1031 3513 1088 3604 qui
1105 3509 1233 3605 religio-

197 3660 280 3704 nem
296 3634 497 3720 minuerent,
514 3657 613 3725 quam
630 3634 686 3724 qui
703 3633 778 3702 fana
794 3632 981 3726 spoliarent.

251 3755 293 3821 V.
307 3756 387 3821 Post
403 3749 555 3846 proelium
573 3750 727 3821 collatum
745 3767 793 3822 est
808 3777 904 3822 omne
920 3751 1043 3820 bellum
1062 3754 1149 3820 circa
1167 3753 1233 3818 Co·

198 3875 368 3960 rinthum‚
391 3870 530 3963 ideoque
545 3872 756 3939 Corinthium
768 3870 1037 3965 estappellatum.
1054 3872 1117 3938 Hic
1131 3894 1233 3962 quum

108 4037 110 4042 ·
199 4019 271 4063 una
288 4017 400 4088 pugna
416 3991 530 4060 decem
553 3989 657 4057 millia
676 3992 837 4075 hostium,
852 3990 1005 4084 Agesilao
1026 3989 1123 4075 duce,
1148 3990 1233 4056 ceci·

202 4115 346 4194 dissent,
362 4136 466 4205 eoque
479 4110 567 4179 facto
584 4134 662 4202 opes
679 4109 939 4177 adversariorum
955 4105 1131 4177 debilitatae
1143 4106 1233 4175 vide-
