<?xml version="1.0" encoding="UTF-8"?>
<!DOCTYPE html PUBLIC "-//W3C//DTD XHTML 1.0 Transitional//EN"
    "http://www.w3.org/TR/xhtml1/DTD/xhtml1-transitional.dtd">
<html xmlns="http://www.w3.org/1999/xhtml" xml:lang="en" lang="en">
 <head>
  <title>
</title>
<meta http-equiv="Content-Type" content="text/html;charset=utf-8" />
  <meta name='ocr-system' content='tesseract 3.04.00' />
  <meta name='ocr-capabilities' content='ocr_page ocr_carea ocr_par ocr_line ocrx_word'/>
</head>
<body>
  <div class='ocr_page' id='page_1' title='image "./corneliinepotio00nepogoog_0131.png"; bbox 0 0 3168 5048; ppageno 0'>
   <div class='ocr_carea' id='block_1_1' title="bbox 360 461 1045 516">
    <p class='ocr_par' dir='ltr' id='par_1_1' title="bbox 360 461 1045 516">
     <span class='ocr_line' id='line_1_1' title="bbox 360 461 1045 516; baseline 0.004 -3"><span class='ocrx_word' id='word_1_1' title='bbox 360 477 434 514; x_wconf 82' lang='lat' dir='ltr'><strong>uo·</strong></span> <span class='ocrx_word' id='word_1_2' title='bbox 697 461 870 516; x_wconf 80' lang='lat' dir='ltr'>CORNELII</span> <span class='ocrx_word' id='word_1_3' title='bbox 891 461 1045 516; x_wconf 86' lang='lat' dir='ltr'><strong>NEPOTIS</strong></span> 
     </span>
    </p>
   </div>
   <div class='ocr_carea' id='block_1_2' title="bbox 346 581 1408 3892">
    <p class='ocr_par' dir='ltr' id='par_1_2' title="bbox 350 581 1383 1742">
     <span class='ocr_line' id='line_1_2' title="bbox 356 581 1382 678; baseline 0.003 -26"><span class='ocrx_word' id='word_1_4' title='bbox 356 608 430 652; x_wconf 89' lang='lat' dir='ltr'><strong>uem</strong></span> <span class='ocrx_word' id='word_1_5' title='bbox 446 581 551 650; x_wconf 85' lang='lat' dir='ltr'><strong>voluit</strong></span> <span class='ocrx_word' id='word_1_6' title='bbox 568 608 575 650; x_wconf 93' lang='lat'><strong>:</strong></span> <span class='ocrx_word' id='word_1_7' title='bbox 596 607 688 670; x_wconf 90' lang='lat' dir='ltr'><strong>nam,</strong></span> <span class='ocrx_word' id='word_1_8' title='bbox 704 583 784 652; x_wconf 92' lang='lat' dir='ltr'><strong>dum</strong></span> <span class='ocrx_word' id='word_1_9' title='bbox 803 610 855 654; x_wconf 87' lang='lat' dir='ltr'><strong>res</strong></span> <span class='ocrx_word' id='word_1_10' title='bbox 872 585 1099 671; x_wconf 89' lang='lat' dir='ltr'><strong>conficeretur,</strong></span> <span class='ocrx_word' id='word_1_11' title='bbox 1118 584 1230 678; x_wconf 90' lang='lat' dir='ltr'><strong>procul</strong></span> <span class='ocrx_word' id='word_1_12' title='bbox 1248 586 1282 652; x_wconf 91' lang='lat' dir='ltr'><strong>iu</strong></span> <span class='ocrx_word' id='word_1_13' title='bbox 1297 611 1382 678; x_wconf 84' lang='lat' dir='ltr'><strong>prae-</strong></span> 
     </span>
     <span class='ocr_line' id='line_1_3' title="bbox 354 699 1382 797; baseline 0.003 -28"><span class='ocrx_word' id='word_1_14' title='bbox 354 700 437 769; x_wconf 90' lang='lat' dir='ltr'><strong>sidio</strong></span> <span class='ocrx_word' id='word_1_15' title='bbox 456 701 534 789; x_wconf 87' lang='lat' dir='ltr'><strong>fuit,</strong></span> <span class='ocrx_word' id='word_1_16' title='bbox 557 725 598 772; x_wconf 87' lang='lat' dir='ltr'><strong>ue</strong></span> <span class='ocrx_word' id='word_1_17' title='bbox 615 704 688 794; x_wconf 92' lang='lat' dir='ltr'><strong>quis</strong></span> <span class='ocrx_word' id='word_1_18' title='bbox 708 699 835 772; x_wconf 83' lang='lat' dir='ltr'><strong>satelles</strong></span> <span class='ocrx_word' id='word_1_19' title='bbox 856 719 966 796; x_wconf 89' lang='lat' dir='ltr'><strong>posset</strong></span> <span class='ocrx_word' id='word_1_20' title='bbox 988 727 1186 772; x_wconf 82' lang='lat' dir='ltr'><strong>succurrere.</strong></span> <span class='ocrx_word' id='word_1_21' title='bbox 1207 708 1278 772; x_wconf 89' lang='lat' dir='ltr'><strong>Hoc</strong></span> <span class='ocrx_word' id='word_1_22' title='bbox 1297 730 1382 797; x_wconf 86' lang='lat' dir='ltr'><strong>prae-</strong></span> 
     </span>
     <span class='ocr_line' id='line_1_4' title="bbox 354 817 1382 914; baseline 0.004 -28"><span class='ocrx_word' id='word_1_23' title='bbox 354 817 570 888; x_wconf 88' lang='lat' dir='ltr'><strong>clarissimum</strong></span> <span class='ocrx_word' id='word_1_24' title='bbox 594 821 664 913; x_wconf 87' lang='lat' dir='ltr'><strong>ejus</strong></span> <span class='ocrx_word' id='word_1_25' title='bbox 687 820 813 888; x_wconf 89' lang='lat' dir='ltr'><strong>facinus</strong></span> <span class='ocrx_word' id='word_1_26' title='bbox 837 847 904 889; x_wconf 91' lang='lat' dir='ltr'><strong>non</strong></span> <span class='ocrx_word' id='word_1_27' title='bbox 924 823 996 914; x_wconf 90' lang='lat' dir='ltr'><strong>pari</strong></span> <span class='ocrx_word' id='word_1_28' title='bbox 1017 821 1124 910; x_wconf 77' lang='lat' dir='ltr'><strong>modo.</strong></span> <span class='ocrx_word' id='word_1_29' title='bbox 1135 823 1310 914; x_wconf 91' lang='lat' dir='ltr'><strong>probatum</strong></span> <span class='ocrx_word' id='word_1_30' title='bbox 1329 838 1382 891; x_wconf 88' lang='lat' dir='ltr'><strong>est</strong></span> 
     </span>
     <span class='ocr_line' id='line_1_5' title="bbox 353 938 1383 1033; baseline 0.003 -28"><span class='ocrx_word' id='word_1_31' title='bbox 353 938 394 1005; x_wconf 93' lang='lat' dir='ltr'><strong>ab</strong></span> <span class='ocrx_word' id='word_1_32' title='bbox 410 939 561 1007; x_wconf 92' lang='lat' dir='ltr'><strong>omnibus</strong></span> <span class='ocrx_word' id='word_1_33' title='bbox 576 964 585 1006; x_wconf 80' lang='lat' dir='ltr'>t</span> <span class='ocrx_word' id='word_1_34' title='bbox 603 939 753 1007; x_wconf 89' lang='lat' dir='ltr'><strong>nonnulli</strong></span> <span class='ocrx_word' id='word_1_35' title='bbox 768 940 857 1007; x_wconf 88' lang='lat' dir='ltr'><strong>enim</strong></span> <span class='ocrx_word' id='word_1_36' title='bbox 873 939 982 1008; x_wconf 77' lang='lat' dir='ltr'><strong>laesam</strong></span> <span class='ocrx_word' id='word_1_37' title='bbox 1000 940 1040 1007; x_wconf 95' lang='lat' dir='ltr'><strong>ab</strong></span> <span class='ocrx_word' id='word_1_38' title='bbox 1058 964 1098 1008; x_wconf 89' lang='lat' dir='ltr'><strong>eo</strong></span> <span class='ocrx_word' id='word_1_39' title='bbox 1116 940 1271 1032; x_wconf 88' lang='lat' dir='ltr'><strong>pictatem</strong></span> <span class='ocrx_word' id='word_1_40' title='bbox 1286 954 1383 1033; x_wconf 89' lang='lat' dir='ltr'><strong>puta·</strong></span> 
     </span>
     <span class='ocr_line' id='line_1_6' title="bbox 352 1056 1381 1146; baseline 0.002 -22"><span class='ocrx_word' id='word_1_41' title='bbox 352 1056 432 1125; x_wconf 93' lang='lat' dir='ltr'><strong>bant</strong></span> <span class='ocrx_word' id='word_1_42' title='bbox 444 1108 453 1144; x_wconf 94' lang='lat'><strong>,</strong></span> <span class='ocrx_word' id='word_1_43' title='bbox 467 1072 501 1124; x_wconf 91' lang='lat' dir='ltr'><strong>et</strong></span> <span class='ocrx_word' id='word_1_44' title='bbox 516 1057 639 1124; x_wconf 87' lang='lat' dir='ltr'><strong>invidia</strong></span> <span class='ocrx_word' id='word_1_45' title='bbox 654 1056 783 1126; x_wconf 87' lang='lat' dir='ltr'><strong>laudem</strong></span> <span class='ocrx_word' id='word_1_46' title='bbox 800 1059 931 1125; x_wconf 86' lang='lat' dir='ltr'><strong>virtutis</strong></span> <span class='ocrx_word' id='word_1_47' title='bbox 946 1057 1148 1126; x_wconf 86' lang='lat' dir='ltr'><strong>obterebant.</strong></span> <span class='ocrx_word' id='word_1_48' title='bbox 1162 1060 1270 1127; x_wconf 83' lang='lat' dir='ltr'><strong>Mater</strong></span> <span class='ocrx_word' id='word_1_49' title='bbox 1283 1082 1381 1146; x_wconf 90' lang='lat' dir='ltr'><strong>vero,</strong></span> 
     </span>
     <span class='ocr_line' id='line_1_7' title="bbox 352 1174 1383 1270; baseline 0.002 -26"><span class='ocrx_word' id='word_1_50' title='bbox 352 1190 426 1269; x_wconf 93' lang='lat' dir='ltr'><strong>post</strong></span> <span class='ocrx_word' id='word_1_51' title='bbox 442 1176 476 1244; x_wconf 91' lang='lat' dir='ltr'><strong>id</strong></span> <span class='ocrx_word' id='word_1_52' title='bbox 493 1175 633 1263; x_wconf 87' lang='lat' dir='ltr'><strong>factum,</strong></span> <span class='ocrx_word' id='word_1_53' title='bbox 652 1201 758 1270; x_wconf 87' lang='lat' dir='ltr'><strong>neque</strong></span> <span class='ocrx_word' id='word_1_54' title='bbox 772 1176 907 1243; x_wconf 92' lang='lat' dir='ltr'><strong>domum</strong></span> <span class='ocrx_word' id='word_1_55' title='bbox 922 1174 964 1242; x_wconf 91' lang='lat' dir='ltr'><strong>ad</strong></span> <span class='ocrx_word' id='word_1_56' title='bbox 984 1201 1017 1244; x_wconf 89' lang='lat' dir='ltr'><strong>se</strong></span> <span class='ocrx_word' id='word_1_57' title='bbox 1036 1175 1141 1243; x_wconf 87' lang='lat' dir='ltr'><strong>filium</strong></span> <span class='ocrx_word' id='word_1_58' title='bbox 1161 1175 1308 1262; x_wconf 86' lang='lat' dir='ltr'><strong>admisit,</strong></span> <span class='ocrx_word' id='word_1_59' title='bbox 1325 1203 1383 1246; x_wconf 91' lang='lat' dir='ltr'><strong>ne-</strong></span> 
     </span>
     <span class='ocr_line' id='line_1_8' title="bbox 351 1293 1381 1387; baseline 0.004 -25"><span class='ocrx_word' id='word_1_60' title='bbox 351 1319 415 1386; x_wconf 88' lang='lat' dir='ltr'><strong>que</strong></span> <span class='ocrx_word' id='word_1_61' title='bbox 433 1295 573 1387; x_wconf 82' lang='lat' dir='ltr'><strong>aspexit,</strong></span> <span class='ocrx_word' id='word_1_62' title='bbox 591 1297 671 1386; x_wconf 91' lang='lat' dir='ltr'><strong>quin</strong></span> <span class='ocrx_word' id='word_1_63' title='bbox 687 1319 761 1362; x_wconf 91' lang='lat' dir='ltr'><strong>eum</strong></span> <span class='ocrx_word' id='word_1_64' title='bbox 779 1293 979 1362; x_wconf 88' lang='lat' dir='ltr'><strong>fratricidam</strong></span> <span class='ocrx_word' id='word_1_65' title='bbox 995 1295 1199 1386; x_wconf 89' lang='lat' dir='ltr'><strong>impiumque</strong></span> <span class='ocrx_word' id='word_1_66' title='bbox 1215 1294 1381 1366; x_wconf 86' lang='lat' dir='ltr'><strong>detestans</strong></span> 
     </span>
     <span class='ocr_line' id='line_1_9' title="bbox 352 1411 1381 1506; baseline 0.001 -23"><span class='ocrx_word' id='word_1_67' title='bbox 352 1412 572 1506; x_wconf 81' lang='lat' dir='ltr'><strong>compellaret.</strong></span> <span class='ocrx_word' id='word_1_68' title='bbox 596 1413 727 1501; x_wconf 90' lang='lat' dir='ltr'><strong>Quibus</strong></span> <span class='ocrx_word' id='word_1_69' title='bbox 750 1413 847 1481; x_wconf 92' lang='lat' dir='ltr'><strong>rebus</strong></span> <span class='ocrx_word' id='word_1_70' title='bbox 868 1411 929 1480; x_wconf 82' lang='lat' dir='ltr'><strong>illo</strong></span> <span class='ocrx_word' id='word_1_71' title='bbox 943 1411 1024 1480; x_wconf 93' lang='lat' dir='ltr'><strong>adeo</strong></span> <span class='ocrx_word' id='word_1_72' title='bbox 1044 1426 1093 1481; x_wconf 88' lang='lat' dir='ltr'><strong>est</strong></span> <span class='ocrx_word' id='word_1_73' title='bbox 1116 1428 1319 1502; x_wconf 89' lang='lat' dir='ltr'><strong>commotus,</strong></span> <span class='ocrx_word' id='word_1_74' title='bbox 1342 1431 1381 1484; x_wconf 89' lang='lat' dir='ltr'><strong>ut</strong></span> 
     </span>
     <span class='ocr_line' id='line_1_10' title="bbox 350 1529 1381 1626; baseline 0.001 -26"><span class='ocrx_word' id='word_1_75' title='bbox 350 1556 588 1624; x_wconf 87' lang='lat' dir='ltr'><strong>nonnunquam</strong></span> <span class='ocrx_word' id='word_1_76' title='bbox 604 1533 679 1599; x_wconf 83' lang='lat' dir='ltr'><strong>vitae</strong></span> <span class='ocrx_word' id='word_1_77' title='bbox 693 1530 792 1598; x_wconf 87' lang='lat' dir='ltr'><strong>finem</strong></span> <span class='ocrx_word' id='word_1_78' title='bbox 806 1531 910 1598; x_wconf 87' lang='lat' dir='ltr'><strong>facere</strong></span> <span class='ocrx_word' id='word_1_79' title='bbox 926 1529 1081 1618; x_wconf 85' lang='lat' dir='ltr'><strong>voluerit,</strong></span> <span class='ocrx_word' id='word_1_80' title='bbox 1097 1546 1197 1624; x_wconf 87' lang='lat' dir='ltr'><strong>atque</strong></span> <span class='ocrx_word' id='word_1_81' title='bbox 1212 1557 1253 1599; x_wconf 84' lang='lat' dir='ltr'><strong>ex</strong></span> <span class='ocrx_word' id='word_1_82' title='bbox 1269 1534 1381 1626; x_wconf 89' lang='lat' dir='ltr'><strong>ingra-</strong></span> 
     </span>
     <span class='ocr_line' id='line_1_11' title="bbox 351 1643 1152 1742; baseline -0.002 -24"><span class='ocrx_word' id='word_1_83' title='bbox 351 1665 461 1718; x_wconf 92' lang='lat' dir='ltr'><strong>torum</strong></span> <span class='ocrx_word' id='word_1_84' title='bbox 478 1651 650 1718; x_wconf 93' lang='lat' dir='ltr'><strong>hominum</strong></span> <span class='ocrx_word' id='word_1_85' title='bbox 665 1643 841 1742; x_wconf 85' lang='lat' dir='ltr'><strong>conspectu</strong></span> <span class='ocrx_word' id='word_1_86' title='bbox 862 1664 967 1718; x_wconf 89' lang='lat' dir='ltr'><strong>morte</strong></span> <span class='ocrx_word' id='word_1_87' title='bbox 987 1649 1152 1718; x_wconf 89' lang='lat' dir='ltr'><strong>decedere.</strong></span> 
     </span>
    </p>

    <p class='ocr_par' dir='ltr' id='par_1_3' title="bbox 346 1768 1408 3892">
     <span class='ocr_line' id='line_1_12' title="bbox 397 1768 1381 1862; baseline 0.003 -25"><span class='ocrx_word' id='word_1_88' title='bbox 397 1773 443 1838; x_wconf 89' lang='lat'><strong>11.</strong></span> <span class='ocrx_word' id='word_1_89' title='bbox 456 1770 595 1837; x_wconf 90' lang='lat' dir='ltr'><strong>Interim</strong></span> <span class='ocrx_word' id='word_1_90' title='bbox 606 1770 713 1838; x_wconf 89' lang='lat' dir='ltr'><strong>Dione</strong></span> <span class='ocrx_word' id='word_1_91' title='bbox 727 1769 893 1862; x_wconf 85' lang='lat' dir='ltr'><strong>Syracusis</strong></span> <span class='ocrx_word' id='word_1_92' title='bbox 909 1768 1100 1855; x_wconf 86' lang='lat' dir='ltr'><strong>interfecto,</strong></span> <span class='ocrx_word' id='word_1_93' title='bbox 1116 1769 1292 1861; x_wconf 91' lang='lat' dir='ltr'><strong>Dionysius</strong></span> <span class='ocrx_word' id='word_1_94' title='bbox 1304 1794 1381 1840; x_wconf 90' lang='lat' dir='ltr'><strong>rur·</strong></span> 
     </span>
     <span class='ocr_line' id='line_1_13' title="bbox 350 1887 1379 1982; baseline 0.002 -25"><span class='ocrx_word' id='word_1_95' title='bbox 350 1914 405 1958; x_wconf 93' lang='lat' dir='ltr'><strong>sus</strong></span> <span class='ocrx_word' id='word_1_96' title='bbox 428 1891 661 1981; x_wconf 83' lang='lat' dir='ltr'><strong>Syracusarum</strong></span> <span class='ocrx_word' id='word_1_97' title='bbox 682 1889 805 1982; x_wconf 90' lang='lat' dir='ltr'><strong>potitus</strong></span> <span class='ocrx_word' id='word_1_98' title='bbox 830 1901 879 1974; x_wconf 81' lang='lat' dir='ltr'><strong>est</strong></span> <span class='ocrx_word' id='word_1_99' title='bbox 898 1913 906 1955; x_wconf 91' lang='lat'><strong>:</strong></span> <span class='ocrx_word' id='word_1_100' title='bbox 928 1888 1020 1981; x_wconf 89' lang='lat' dir='ltr'><strong>cujus</strong></span> <span class='ocrx_word' id='word_1_101' title='bbox 1043 1887 1225 1956; x_wconf 84' lang='lat' dir='ltr'><strong>adversarii</strong></span> <span class='ocrx_word' id='word_1_102' title='bbox 1242 1915 1339 1982; x_wconf 90' lang='lat' dir='ltr'><strong>opem</strong></span> <span class='ocrx_word' id='word_1_103' title='bbox 1359 1916 1379 1959; x_wconf 90' lang='lat' dir='ltr'><strong>a</strong></span> 
     </span>
     <span class='ocr_line' id='line_1_14' title="bbox 351 2000 1379 2100; baseline -0.003 -22"><span class='ocrx_word' id='word_1_104' title='bbox 351 2000 530 2078; x_wconf 83' lang='lat' dir='ltr'><strong>Corinthiis</strong></span> <span class='ocrx_word' id='word_1_105' title='bbox 550 2008 729 2100; x_wconf 87' lang='lat' dir='ltr'><strong>petierunt,</strong></span> <span class='ocrx_word' id='word_1_106' title='bbox 750 2006 932 2099; x_wconf 83' lang='lat' dir='ltr'><strong>ducemque</strong></span> <span class='ocrx_word' id='word_1_107' title='bbox 950 2030 1015 2098; x_wconf 92' lang='lat' dir='ltr'><strong>quo</strong></span> <span class='ocrx_word' id='word_1_108' title='bbox 1034 2007 1068 2072; x_wconf 94' lang='lat' dir='ltr'><strong>iu</strong></span> <span class='ocrx_word' id='word_1_109' title='bbox 1088 2004 1175 2074; x_wconf 89' lang='lat' dir='ltr'><strong>bello</strong></span> <span class='ocrx_word' id='word_1_110' title='bbox 1193 2019 1379 2095; x_wconf 89' lang='lat' dir='ltr'><strong>uterentur,</strong></span> 
     </span>
     <span class='ocr_line' id='line_1_15' title="bbox 351 2125 1381 2222; baseline 0 -27"><span class='ocrx_word' id='word_1_111' title='bbox 351 2126 569 2222; x_wconf 81' lang='lat' dir='ltr'><strong>postularunt.</strong></span> <span class='ocrx_word' id='word_1_112' title='bbox 588 2130 662 2194; x_wconf 91' lang='lat' dir='ltr'><strong>Huc</strong></span> <span class='ocrx_word' id='word_1_113' title='bbox 683 2125 853 2194; x_wconf 86' lang='lat' dir='ltr'><strong>Timoleon</strong></span> <span class='ocrx_word' id='word_1_114' title='bbox 871 2127 1003 2213; x_wconf 91' lang='lat' dir='ltr'><strong>missus,</strong></span> <span class='ocrx_word' id='word_1_115' title='bbox 1025 2125 1205 2193; x_wconf 91' lang='lat' dir='ltr'><strong>incredibili</strong></span> <span class='ocrx_word' id='word_1_116' title='bbox 1225 2125 1381 2195; x_wconf 81' lang='lat' dir='ltr'><strong>felicitate</strong></span> 
     </span>
     <span class='ocr_line' id='line_1_16' title="bbox 350 2243 1379 2340; baseline -0.006 -22"><span class='ocrx_word' id='word_1_117' title='bbox 350 2248 544 2340; x_wconf 89' lang='lat' dir='ltr'><strong>Dionysium</strong></span> <span class='ocrx_word' id='word_1_118' title='bbox 560 2261 629 2314; x_wconf 89' lang='lat' dir='ltr'><strong>tota</strong></span> <span class='ocrx_word' id='word_1_119' title='bbox 646 2244 755 2314; x_wconf 89' lang='lat' dir='ltr'><strong>Sicilia</strong></span> <span class='ocrx_word' id='word_1_120' title='bbox 771 2243 914 2337; x_wconf 82' lang='lat' dir='ltr'><strong>depulit3</strong></span> <span class='ocrx_word' id='word_1_121' title='bbox 930 2265 1032 2336; x_wconf 91' lang='lat' dir='ltr'><strong>quum</strong></span> <span class='ocrx_word' id='word_1_122' title='bbox 1050 2243 1232 2312; x_wconf 87' lang='lat' dir='ltr'><strong>interlicere</strong></span> <span class='ocrx_word' id='word_1_123' title='bbox 1248 2259 1379 2337; x_wconf 89' lang='lat' dir='ltr'><strong>posset,</strong></span> 
     </span>
     <span class='ocr_line' id='line_1_17' title="bbox 350 2363 1380 2460; baseline -0.001 -26"><span class='ocrx_word' id='word_1_124' title='bbox 350 2365 471 2453; x_wconf 82' lang='lat' dir='ltr'><strong>noluit3</strong></span> <span class='ocrx_word' id='word_1_125' title='bbox 491 2380 628 2460; x_wconf 88' lang='lat' dir='ltr'><strong>tutoque</strong></span> <span class='ocrx_word' id='word_1_126' title='bbox 645 2379 683 2437; x_wconf 93' lang='lat' dir='ltr'><strong>ut</strong></span> <span class='ocrx_word' id='word_1_127' title='bbox 702 2365 899 2434; x_wconf 86' lang='lat' dir='ltr'><strong>Corinthum</strong></span> <span class='ocrx_word' id='word_1_128' title='bbox 919 2365 1117 2457; x_wconf 88' lang='lat' dir='ltr'><strong>perveniret,</strong></span> <span class='ocrx_word' id='word_1_129' title='bbox 1135 2363 1241 2432; x_wconf 84' lang='lat' dir='ltr'><strong>effecit</strong></span> <span class='ocrx_word' id='word_1_130' title='bbox 1261 2389 1269 2433; x_wconf 75' lang='grc' dir='ltr'><strong><em>ε</em></strong></span> <span class='ocrx_word' id='word_1_131' title='bbox 1286 2365 1380 2456; x_wconf 79' lang='lat' dir='ltr'><strong>&#39;quod</strong></span> 
     </span>
     <span class='ocr_line' id='line_1_18' title="bbox 349 2483 1380 2579; baseline -0.003 -23"><span class='ocrx_word' id='word_1_132' title='bbox 349 2501 565 2579; x_wconf 83' lang='lat' dir='ltr'><strong>utrorumque</strong></span> <span class='ocrx_word' id='word_1_133' title='bbox 586 2485 819 2578; x_wconf 85' lang='lat' dir='ltr'><strong>Dionysiorum</strong></span> <span class='ocrx_word' id='word_1_134' title='bbox 842 2484 959 2578; x_wconf 91' lang='lat' dir='ltr'><strong>opibus</strong></span> <span class='ocrx_word' id='word_1_135' title='bbox 983 2483 1146 2552; x_wconf 91' lang='lat' dir='ltr'><strong>Corinthii</strong></span> <span class='ocrx_word' id='word_1_136' title='bbox 1170 2509 1253 2578; x_wconf 84' lang='lat' dir='ltr'><strong>saepe</strong></span> <span class='ocrx_word' id='word_1_137' title='bbox 1275 2484 1380 2577; x_wconf 87' lang='lat' dir='ltr'><strong>adjuti</strong></span> 
     </span>
     <span class='ocr_line' id='line_1_19' title="bbox 348 2603 1378 2697; baseline -0.002 -23"><span class='ocrx_word' id='word_1_138' title='bbox 348 2606 496 2692; x_wconf 85' lang='lat' dir='ltr'><strong>fuerant,</strong></span> <span class='ocrx_word' id='word_1_139' title='bbox 520 2607 613 2697; x_wconf 87' lang='lat' dir='ltr'><strong>cujus</strong></span> <span class='ocrx_word' id='word_1_140' title='bbox 634 2603 843 2697; x_wconf 84' lang='lat' dir='ltr'><strong>benignitatis</strong></span> <span class='ocrx_word' id='word_1_141' title='bbox 868 2604 1058 2671; x_wconf 89' lang='lat' dir='ltr'><strong>memoriam</strong></span> <span class='ocrx_word' id='word_1_142' title='bbox 1080 2603 1209 2671; x_wconf 88' lang='lat' dir='ltr'><strong>volebat</strong></span> <span class='ocrx_word' id='word_1_143' title='bbox 1235 2620 1378 2690; x_wconf 84' lang='lat' dir='ltr'><strong>exstare3</strong></span> 
     </span>
     <span class='ocr_line' id='line_1_20' title="bbox 348 2721 1408 2819; baseline 0.001 -27"><span class='ocrx_word' id='word_1_144' title='bbox 348 2749 484 2819; x_wconf 89' lang='lat' dir='ltr'><strong>eamque</strong></span> <span class='ocrx_word' id='word_1_145' title='bbox 500 2723 688 2818; x_wconf 76' lang='lat' dir='ltr'><strong>praeclaram</strong></span> <span class='ocrx_word' id='word_1_146' title='bbox 704 2724 874 2791; x_wconf 90' lang='lat' dir='ltr'><strong>victoriam</strong></span> <span class='ocrx_word' id='word_1_147' title='bbox 892 2722 1048 2807; x_wconf 89' lang='lat' dir='ltr'><strong>ducebat,</strong></span> <span class='ocrx_word' id='word_1_148' title='bbox 1068 2724 1102 2790; x_wconf 93' lang='lat' dir='ltr'><strong>in</strong></span> <span class='ocrx_word' id='word_1_149' title='bbox 1121 2748 1187 2815; x_wconf 85' lang='lat' dir='ltr'><strong>qun</strong></span> <span class='ocrx_word' id='word_1_150' title='bbox 1204 2721 1279 2818; x_wconf 90' lang='lat' dir='ltr'><strong>plus</strong></span> <span class='ocrx_word' id='word_1_151' title='bbox 1296 2740 1381 2793; x_wconf 86' lang='lat' dir='ltr'><strong>esset</strong></span> <span class='ocrx_word' id='word_1_152' title='bbox 1405 2763 1408 2772; x_wconf 89' lang='lat'>·</span> 
     </span>
     <span class='ocr_line' id='line_1_21' title="bbox 349 2842 1380 2938; baseline 0 -26"><span class='ocrx_word' id='word_1_153' title='bbox 349 2844 539 2933; x_wconf 71' lang='lat' dir='ltr'><strong>clementie,</strong></span> <span class='ocrx_word' id='word_1_154' title='bbox 563 2869 661 2938; x_wconf 90' lang='lat' dir='ltr'><strong>quam</strong></span> <span class='ocrx_word' id='word_1_155' title='bbox 681 2842 894 2930; x_wconf 82' lang='lat' dir='ltr'><strong>crudelitatis3</strong></span> <span class='ocrx_word' id='word_1_156' title='bbox 916 2858 1097 2937; x_wconf 91' lang='lat' dir='ltr'><strong>postremo,</strong></span> <span class='ocrx_word' id='word_1_157' title='bbox 1120 2859 1159 2912; x_wconf 89' lang='lat' dir='ltr'><strong>ut</strong></span> <span class='ocrx_word' id='word_1_158' title='bbox 1182 2870 1249 2913; x_wconf 93' lang='lat' dir='ltr'><strong>non</strong></span> <span class='ocrx_word' id='word_1_159' title='bbox 1274 2843 1380 2913; x_wconf 91' lang='lat' dir='ltr'><strong>solum</strong></span> 
     </span>
     <span class='ocr_line' id='line_1_22' title="bbox 348 2955 1380 3058; baseline 0 -26"><span class='ocrx_word' id='word_1_160' title='bbox 348 2964 482 3032; x_wconf 88' lang='lat' dir='ltr'><strong>auribus</strong></span> <span class='ocrx_word' id='word_1_161' title='bbox 501 2966 715 3058; x_wconf 85' lang='lat' dir='ltr'><strong>acciperetur,</strong></span> <span class='ocrx_word' id='word_1_162' title='bbox 734 2963 905 3031; x_wconf 85' lang='lat' dir='ltr'><strong>sedetiam</strong></span> <span class='ocrx_word' id='word_1_163' title='bbox 924 2960 1029 3030; x_wconf 87' lang='lat' dir='ltr'><strong>oculis</strong></span> <span class='ocrx_word' id='word_1_164' title='bbox 1045 2980 1248 3053; x_wconf 89' lang='lat' dir='ltr'><strong>cerneretur,</strong></span> <span class='ocrx_word' id='word_1_165' title='bbox 1259 2955 1380 3058; x_wconf 66' lang='lat' dir='ltr'><strong>quem,</strong></span> 
     </span>
     <span class='ocr_line' id='line_1_23' title="bbox 348 3081 1381 3176; baseline 0.001 -26"><span class='ocrx_word' id='word_1_166' title='bbox 348 3097 381 3151; x_wconf 87' lang='lat' dir='ltr'><strong>ct</strong></span> <span class='ocrx_word' id='word_1_167' title='bbox 399 3108 437 3150; x_wconf 83' lang='lat' dir='ltr'><strong>ex</strong></span> <span class='ocrx_word' id='word_1_168' title='bbox 457 3098 580 3176; x_wconf 88' lang='lat' dir='ltr'><strong>quanto</strong></span> <span class='ocrx_word' id='word_1_169' title='bbox 598 3107 715 3176; x_wconf 85' lang='lat' dir='ltr'><strong>regno,</strong></span> <span class='ocrx_word' id='word_1_170' title='bbox 727 3081 769 3150; x_wconf 88' lang='lat' dir='ltr'><strong>ad</strong></span> <span class='ocrx_word' id='word_1_171' title='bbox 787 3107 885 3174; x_wconf 90' lang='lat' dir='ltr'><strong>quam</strong></span> <span class='ocrx_word' id='word_1_172' title='bbox 903 3082 1069 3150; x_wconf 88' lang='lat' dir='ltr'><strong>fortunam</strong></span> <span class='ocrx_word' id='word_1_173' title='bbox 1086 3083 1283 3154; x_wconf 89' lang='lat' dir='ltr'><strong>detrusisset.</strong></span> <span class='ocrx_word' id='word_1_174' title='bbox 1301 3087 1381 3152; x_wconf 90' lang='lat' dir='ltr'><strong>Post</strong></span> 
     </span>
     <span class='ocr_line' id='line_1_24' title="bbox 348 3201 1381 3298; baseline -0.002 -26"><span class='ocrx_word' id='word_1_175' title='bbox 348 3205 497 3298; x_wconf 90' lang='lat' dir='ltr'><strong>Dionysii</strong></span> <span class='ocrx_word' id='word_1_176' title='bbox 523 3202 689 3271; x_wconf 91' lang='lat' dir='ltr'><strong>decessum</strong></span> <span class='ocrx_word' id='word_1_177' title='bbox 714 3227 789 3270; x_wconf 89' lang='lat' dir='ltr'><strong>cum</strong></span> <span class='ocrx_word' id='word_1_178' title='bbox 818 3205 906 3270; x_wconf 89' lang='lat' dir='ltr'><strong>Iceta</strong></span> <span class='ocrx_word' id='word_1_179' title='bbox 932 3201 1079 3288; x_wconf 88' lang='lat' dir='ltr'><strong>bellavit,</strong></span> <span class='ocrx_word' id='word_1_180' title='bbox 1108 3203 1165 3296; x_wconf 93' lang='lat' dir='ltr'><strong>qui</strong></span> <span class='ocrx_word' id='word_1_181' title='bbox 1191 3203 1381 3271; x_wconf 90' lang='lat' dir='ltr'><strong>adversatus</strong></span> 
     </span>
     <span class='ocr_line' id='line_1_25' title="bbox 346 3317 1379 3416; baseline 0 -26"><span class='ocrx_word' id='word_1_182' title='bbox 346 3322 451 3392; x_wconf 88' lang='lat' dir='ltr'><strong>fuerat</strong></span> <span class='ocrx_word' id='word_1_183' title='bbox 469 3323 627 3416; x_wconf 91' lang='lat' dir='ltr'><strong>Dionysio</strong></span> <span class='ocrx_word' id='word_1_184' title='bbox 647 3345 656 3390; x_wconf 77' lang='grc' dir='ltr'><strong><em>ε</em></strong></span> <span class='ocrx_word' id='word_1_185' title='bbox 677 3347 774 3414; x_wconf 89' lang='lat' dir='ltr'><strong>quem</strong></span> <span class='ocrx_word' id='word_1_186' title='bbox 793 3346 861 3389; x_wconf 91' lang='lat' dir='ltr'><strong>non</strong></span> <span class='ocrx_word' id='word_1_187' title='bbox 885 3322 960 3390; x_wconf 92' lang='lat' dir='ltr'><strong>odio</strong></span> <span class='ocrx_word' id='word_1_188' title='bbox 978 3322 1159 3415; x_wconf 89' lang='lat' dir='ltr'><strong>tyrannidis</strong></span> <span class='ocrx_word' id='word_1_189' title='bbox 1179 3317 1379 3409; x_wconf 80' lang='lat' dir='ltr'><strong>dissensisse,</strong></span> 
     </span>
     <span class='ocr_line' id='line_1_26' title="bbox 347 3439 1381 3537; baseline -0.002 -27"><span class='ocrx_word' id='word_1_190' title='bbox 347 3442 404 3512; x_wconf 86' lang='lat' dir='ltr'><strong>sed</strong></span> <span class='ocrx_word' id='word_1_191' title='bbox 426 3443 618 3537; x_wconf 87' lang='lat' dir='ltr'><strong>cupiditate,</strong></span> <span class='ocrx_word' id='word_1_192' title='bbox 641 3441 761 3510; x_wconf 89' lang='lat' dir='ltr'><strong>indicio</strong></span> <span class='ocrx_word' id='word_1_193' title='bbox 784 3441 862 3527; x_wconf 87' lang='lat' dir='ltr'><strong>fuit,</strong></span> <span class='ocrx_word' id='word_1_194' title='bbox 884 3442 972 3534; x_wconf 90' lang='lat' dir='ltr'><strong>qnod</strong></span> <span class='ocrx_word' id='word_1_195' title='bbox 995 3443 1079 3534; x_wconf 91' lang='lat' dir='ltr'><strong>ipse,</strong></span> <span class='ocrx_word' id='word_1_196' title='bbox 1099 3439 1234 3535; x_wconf 82' lang='lat' dir='ltr'><strong>expulso</strong></span> <span class='ocrx_word' id='word_1_197' title='bbox 1257 3443 1381 3535; x_wconf 92' lang='lat' dir='ltr'><strong>Diony-</strong></span> 
     </span>
     <span class='ocr_line' id='line_1_27' title="bbox 347 3558 1379 3655; baseline 0.001 -27"><span class='ocrx_word' id='word_1_198' title='bbox 347 3562 415 3648; x_wconf 88' lang='lat' dir='ltr'><strong>sio,</strong></span> <span class='ocrx_word' id='word_1_199' title='bbox 429 3563 601 3654; x_wconf 89' lang='lat' dir='ltr'><strong>imperium</strong></span> <span class='ocrx_word' id='word_1_200' title='bbox 619 3560 781 3628; x_wconf 88' lang='lat' dir='ltr'><strong>dimittere</strong></span> <span class='ocrx_word' id='word_1_201' title='bbox 798 3558 914 3628; x_wconf 91' lang='lat' dir='ltr'><strong>noluit.</strong></span> <span class='ocrx_word' id='word_1_202' title='bbox 935 3563 1006 3629; x_wconf 90' lang='lat' dir='ltr'><strong>Hoc</strong></span> <span class='ocrx_word' id='word_1_203' title='bbox 1024 3577 1192 3655; x_wconf 91' lang='lat' dir='ltr'><strong>superato,</strong></span> <span class='ocrx_word' id='word_1_204' title='bbox 1209 3560 1379 3630; x_wconf 89' lang='lat' dir='ltr'><strong>Timoleon</strong></span> 
     </span>
     <span class='ocr_line' id='line_1_28' title="bbox 346 3679 1380 3774; baseline 0.002 -26"><span class='ocrx_word' id='word_1_205' title='bbox 346 3681 502 3764; x_wconf 86' lang='lat' dir='ltr'><strong>maximas</strong></span> <span class='ocrx_word' id='word_1_206' title='bbox 522 3681 632 3773; x_wconf 88' lang='lat' dir='ltr'><strong>copias</strong></span> <span class='ocrx_word' id='word_1_207' title='bbox 650 3680 969 3773; x_wconf 85' lang='lat' dir='ltr'><strong>Carthaginiensium</strong></span> <span class='ocrx_word' id='word_1_208' title='bbox 990 3679 1079 3774; x_wconf 90' lang='lat' dir='ltr'><strong>apud</strong></span> <span class='ocrx_word' id='word_1_209' title='bbox 1102 3682 1300 3750; x_wconf 90' lang='lat' dir='ltr'><strong>Crimessum</strong></span> <span class='ocrx_word' id='word_1_210' title='bbox 1320 3681 1380 3750; x_wconf 92' lang='lat' dir='ltr'><strong>flu·</strong></span> 
     </span>
     <span class='ocr_line' id='line_1_29' title="bbox 346 3799 1380 3892; baseline 0.003 -26"><span class='ocrx_word' id='word_1_211' title='bbox 346 3823 421 3868; x_wconf 90' lang='lat' dir='ltr'><strong>men</strong></span> <span class='ocrx_word' id='word_1_212' title='bbox 443 3799 584 3892; x_wconf 82' lang='lat' dir='ltr'><strong>fugavit,</strong></span> <span class='ocrx_word' id='word_1_213' title='bbox 611 3823 648 3866; x_wconf 85' lang='lat' dir='ltr'><strong>ac</strong></span> <span class='ocrx_word' id='word_1_214' title='bbox 671 3799 748 3866; x_wconf 91' lang='lat' dir='ltr'><strong>satis</strong></span> <span class='ocrx_word' id='word_1_215' title='bbox 770 3799 891 3867; x_wconf 87' lang='lat' dir='ltr'><strong>habere</strong></span> <span class='ocrx_word' id='word_1_216' title='bbox 913 3799 1034 3892; x_wconf 85' lang='lat' dir='ltr'><strong>coegit,</strong></span> <span class='ocrx_word' id='word_1_217' title='bbox 1057 3801 1084 3866; x_wconf 93' lang='lat' dir='ltr'><strong>si</strong></span> <span class='ocrx_word' id='word_1_218' title='bbox 1106 3799 1216 3868; x_wconf 89' lang='lat' dir='ltr'><strong>liceret</strong></span> <span class='ocrx_word' id='word_1_219' title='bbox 1238 3799 1380 3870; x_wconf 85' lang='lat' dir='ltr'><strong>Africam</strong></span> 
     </span>
    </p>
   </div>
   <div class='ocr_carea' id='block_1_3' title="bbox 347 3917 1382 4012">
    <p class='ocr_par' dir='ltr' id='par_1_4' title="bbox 347 3917 1382 4012">
     <span class='ocr_line' id='line_1_30' title="bbox 347 3917 1382 4012; baseline -0.001 -25"><span class='ocrx_word' id='word_1_220' title='bbox 347 3918 509 4006; x_wconf 89' lang='lat' dir='ltr'><strong>obtinere,</strong></span> <span class='ocrx_word' id='word_1_221' title='bbox 529 3920 585 4010; x_wconf 91' lang='lat' dir='ltr'><strong>qui</strong></span> <span class='ocrx_word' id='word_1_222' title='bbox 596 3919 664 4010; x_wconf 88' lang='lat' dir='ltr'><strong>jam</strong></span> <span class='ocrx_word' id='word_1_223' title='bbox 685 3917 868 4012; x_wconf 90' lang='lat' dir='ltr'><strong>complures</strong></span> <span class='ocrx_word' id='word_1_224' title='bbox 886 3943 990 3986; x_wconf 89' lang='lat' dir='ltr'><strong>annos</strong></span> <span class='ocrx_word' id='word_1_225' title='bbox 1011 3922 1247 4012; x_wconf 90' lang='lat' dir='ltr'><strong>possessiouem</strong></span> <span class='ocrx_word' id='word_1_226' title='bbox 1265 3917 1382 3996; x_wconf 69' lang='lat' dir='ltr'><strong>Siciliae</strong></span> 
     </span>
    </p>
   </div>
   <div class='ocr_carea' id='block_1_4' title="bbox 347 4036 1381 4132">
    <p class='ocr_par' dir='ltr' id='par_1_5' title="bbox 347 4036 1381 4132">
     <span class='ocr_line' id='line_1_31' title="bbox 347 4036 1381 4132; baseline 0.001 -28"><span class='ocrx_word' id='word_1_227' title='bbox 347 4039 511 4108; x_wconf 87' lang='lat' dir='ltr'><strong>tenebant.</strong></span> <span class='ocrx_word' id='word_1_228' title='bbox 526 4040 622 4132; x_wconf 87' lang='lat' dir='ltr'><strong>Cepit</strong></span> <span class='ocrx_word' id='word_1_229' title='bbox 635 4039 732 4106; x_wconf 87' lang='lat' dir='ltr'><strong>etiam</strong></span> <span class='ocrx_word' id='word_1_230' title='bbox 745 4041 964 4126; x_wconf 85' lang='lat' dir='ltr'><strong>Mamercum,</strong></span> <span class='ocrx_word' id='word_1_231' title='bbox 989 4036 1134 4107; x_wconf 90' lang='lat' dir='ltr'><strong>italicum</strong></span> <span class='ocrx_word' id='word_1_232' title='bbox 1170 4041 1301 4124; x_wconf 89' lang='lat' dir='ltr'><strong>ducem,</strong></span> <span class='ocrx_word' id='word_1_233' title='bbox 1321 4039 1381 4105; x_wconf 64' lang='lat' dir='ltr'><strong>boss</strong></span> 
     </span>
    </p>
   </div>
   <div class='ocr_carea' id='block_1_5' title="bbox 0 0 1588 5048">
    <p class='ocr_par' dir='ltr' id='par_1_6' title="bbox 0 0 1588 5048">
     <span class='ocr_line' id='line_1_32' title="bbox 0 0 1588 5048; baseline 0 2"><span class='ocrx_word' id='word_1_234' title='bbox 0 0 1588 5048; x_wconf 95' lang='lat' dir='ltr'><strong> </strong></span> 
     </span>
    </p>
   </div>
  </div>
 </body>
</html>
