3168 5048
519 1172 915 1276 TIMOLEON.

636 1585 793 1602 *¹¹
828 1593 830 1598 .

205 1845 431 1995 Tmonmu,
460 1908 660 1976 Corinthius.
687 1908 763 1996 Sine
784 1907 886 1978 dubio
916 1933 1053 2004 magnus
1082 1913 1231 1982 omniurn

202 2026 327 2118 judicio
342 2026 397 2093 hic
414 2026 465 2093 vir
481 2026 628 2094 exstitit:
648 2050 789 2124 namque
803 2026 881 2095 huic
899 2028 955 2094 uni
972 2030 1125 2123 contigit,
1142 2031 1231 2123 quod

205 2147 314 2212 nescio
328 2169 370 2212 an
382 2142 461 2231 ulli,
475 2158 559 2211 utet
577 2145 736 2236 patriam,
747 2145 789 2211 -in
803 2169 867 2236 qua
883 2160 954 2213 erat
968 2161 1083 2235 natus,
1102 2173 1232 2241 oppres-

205 2288 274 2330 sam
293 2287 313 2330 a
331 2276 469 2354 tyranno
489 2260 661 2348 liberaret3
682 2277 715 2330 et
733 2287 753 2330 a
769 2264 957 2355 Syracusis,
974 2265 1093 2357 quibus
1111 2266 1231 2334 auxilio

204 2396 276 2450 erat
295 2383 427 2470 missus,
450 2384 664 2456 inveteratam
685 2373 878 2451 servitutem¹
896 2380 1090 2476 depelleret,
1112 2398 1231 2452 totam-

205 2525 269 2595 que
291 2500 448 2592 Siciliam,
470 2500 592 2570 multos
615 2526 718 2570 annos
741 2500 828 2569 bello
849 2515 1013 2586 vexatam,
1036 2527 1054 2570 a
1074 2503 1233 2574 barbaris·

155 2675 158 2680 .
205 2645 269 2715 que
292 2617 499 2714 oppressam,
525 2644 584 2688 suo
606 2620 750 2688 adventu
773 2621 807 2687 in
835 2620 1009 2713 pristinum
1034 2623 1231 2692 restitueret,

205 2741 270 2810 Sed
292 2743 326 2808 in
348 2741 399 2809 his
418 2741 517 2809 rebus
537 2765 604 2807 non
623 2737 763 2832 simplici
786 2739 919 2807 fortuna
939 2740 1146 2810 conflictatus
1164 2757 1232 2828 cst,

204 2874 255 2948 et,
274 2860 307 2930 id
326 2860 415 2952 quod
429 2857 594 2927 difficilius
611 2872 759 2950 putatur,
776 2856 882 2926 multo
898 2859 1075 2951 sapientius
1092 2858 1169 2927 tulit
1183 2885 1232 2928 se-

204 2979 364 3065 cundam,
388 3003 486 3071 quam
507 2977 677 3046 adversam
699 2975 877 3045 fortunam.
900 2980 988 3048 Nam
1007 3002 1111 3070 quum
1132 2977 1233 3048 frater

203 3098 273 3191 ejus
288 3098 526 3190 Timophanes,
541 3095 608 3163 dux
623 3120 642 3163 a
656 3094 835 3166 Corinthiis
850 3093 1009 3182 delectus,
1026 3097 1232 3188 tyrannidem
1249 3181 1252 3192 ι

204 3242 263 3310 per
284 3215 406 3284 milites
425 3216 646 3282 mercenarios
666 3227 873 3306 occupasset,
892 3214 1123 3308 particepsque
1138 3217 1233 3309 regni

204 3350 314 3429 posset
331 3359 413 3419 esse,
435 3348 565 3403 tantum
584 3333 690 3402 abfuit
709 3357 737 3399 a*
751 3333 903 3401 societate
924 3330 1066 3420 sceleris,
1087 3349 1126 3402 ut
1148 3348 1234 3402 ante-
1287 3369 1290 3377 ·

205 3454 315 3524 tulerit
339 3478 473 3521 suorum
496 3455 617 3521 civium
641 3452 827 3521 libertatem
847 3449 957 3519 fratris
984 3449 1095 3537 saluti,
1119 3466 1152 3520 ct
1179 3477 1235 3545 pa·

204 3573 275 3642 triae
290 3597 404 3665 parere
420 3569 563 3666 legibus,
580 3595 680 3664 quam
696 3572 874 3664 imperare,
891 3569 993 3636 satius
1005 3568 1146 3638 duxerit.
1163 3575 1234 3640 Hac

203 3707 315 3763 mente
331 3717 390 3786 per
407 3693 634 3785 haruspicem,
654 3713 927 3782 communemque
946 3688 1092 3777 affinem,
1112 3691 1165 3758 cui
1184 3716 1235 3758 so·
1246 3768 1255 3786 ,Ι

204 3838 271 3898 ror,
288 3837 327 3881 ex
348 3811 469 3880 eisdem
490 3811 680 3904 parentibus
696 3826 791 3899 nata,
807 3824 912 3902 nupta
927 3823 1012 3897 erat,
1030 3809 1165 3877 fratrem
1184 3824 1234 3903 ty-

204 3957 345 4000 rannum
368 3928 629 3998 interficiendum
652 3931 790 3998 curavit.
812 3935 888 4022 Ipse
911 3954 979 3996 non
999 3927 1096 3995 modo
1119 3953 1234 3996 manus

205 4077 272 4120 non
292 4050 422 4137 attulit,
445 4049 502 4118 sed
522 4074 564 4116 ne
584 4051 727 4141 aspicere
744 4048 877 4140 quidem
901 4049 1083 4116 fraternum
1106 4049 1236 4141 sangui-
