3168 5048
436 453 445 476 '‘
535 499 538 506 .
577 467 847 524 nrammonms
1187 487 1225 543 79

197 595 286 687 quit,
305 593 437 680 faciam,
457 617 563 686 neque
582 609 639 662 tua
663 617 775 682 causa,
796 594 853 662 sed
870 618 943 662 mea
957 619 966 680 3
982 617 1037 682 ne,
1054 593 1080 662 si
1105 594 1166 662 tibi
1183 596 1225 665 sit

197 715 339 806 pecunia
356 711 527 806 adempta,
547 712 665 806 aliquis
682 714 785 802 dicat,
804 714 839 782 id
861 713 902 783 ad
919 739 973 782 me
987 729 1136 807 ereptum
1152 741 1227 808 per·

197 835 338 920 venisse,
352 832 442 925 quod
455 831 597 904 delatum
615 835 765 927 accipere
780 833 968 903 noluissem.
980 863 996 898 s
1007 836 1036 902 Λ
1049 858 1114 926 quo
1124 859 1227 926 quum

196 952 377 1045 quaesisset,
392 977 458 1044 quo
480 977 513 1020 se
531 951 649 1021 deduci
661 951 774 1040 vellet,
789 967 823 1021 et
839 952 895 1021 ille
911 953 1058 1022 Athenas
1076 949 1228 1041 dixisset3

162 1121 164 1124 -
197 1070 386 1164 praesidium
408 1071 513 1159 dedit,
531 1087 570 1140 ut
587 1067 627 1141 eo
644 1086 717 1140 tuto
738 1073 936 1165 perveniret.
958 1073 1173 1163 Nequevero
1194 1072 1229 1140 id

162 1226 164 1231 ·
196 1191 431 1290 satishabuit3
449 1191 634 1279 sedetiam,
647 1206 685 1260 ut
698 1190 874 1286 inviolatus
892 1193 927 1259 in
944 1215 1061 1259 navem
1078 1191 1231 1260 ascende·

196 1325 262 1394 ret,
281 1335 341 1403 per
359 1310 537 1380 Chabriam
557 1311 808 1399 Atheniensem,
829 1311 869 1379 de
890 1334 957 1404 quo
975 1325 1073 1402 supra
1090 1311 1230 1379 mentio·
1289 1373 1292 1380 .

198 1454 275 1497 nem
291 1419 443 1517 lecimus,
460 1429 579 1498 effecit.
596 1431 812 1498 Abstinentiae
831 1431 902 1521 erit·
913 1431 977 1498 hoc
991 1431 1068 1498 satis
1086 1411 1244 1498 testimo-¹

199 1550 301 1617 nium.
330 1547 476 1624 Plurima
495 1547 628 1642 quidem
646 1549 793 1642 proferre
817 1547 1088 1642 possemus3-sed
1114 1547 1248 1617 modus.

160 1659 162 1664 ¹
199 1667 404 1738 adhibendus
420 1682 484 1756 est,
505 1669 661 1760 quoniam
677 1693 744 1736 uno
763 1656 827 1736 hoc
845 1667 1013 1738 volumine
1028 1670 1112 1738 vitas
1128 1667 1233 1737 excel·

200 1786 337 1862 lentium
353 1789 502 1857 virorum
516 1786 712 1857 concludere
729 1771 975 1876 constituimus,
988 1813 1130 1880 quorum
1142 1813 1234 1880 sepa·

200 1909 297 1975 ratim
309 1906 423 1976 multis
436 1906 581 1976 millibus
592 1931 750 1977 versuum
765 1906 951 2000 complures
964 1908 1140 2000 scriptores
1156 1921 1233 1975 ante

201 2052 260 2095 nos
282 2026 499 2120 explicarunt.

247 2148 289 2214 V.
305 2147 383 2213 Fuit
398 2147 497 2215 etiam
518 2147 674 2233 disertus,
691 2162 729 2214 ut
741 2171 844 2215 nemo
860 2147 1035 2216 Thebanus
1054 2149 1084 2215 ei
1104 2168 1164 2241 par
1181 2173 1234 2216 es·

89 2348 91 2352 ¹
201 2277 250 2332 set
267 2264 454 2356 eloquentia
474 2289 481 2332 :
499 2289 607 2357 neque
622 2266 740 2334 minus¹
751 2267 931 2336 concinnus
951 2266 984 2335 in
1002 2267 1164 2342 brevitate
1184 2291 1234 2334 re·

202 2381 404 2475 spondendi,
422 2408 521 2476 quam
544 2385 578 2452 in
600 2374 760 2478 perpetua
775 2387 924 2455 oratione
946 2400 1090 2455 ornatus.
1109 2387 1234 2455 Habuit

199 2502 457 2573 obtrectatorem
470 2502 689 2573 Meneclidem
703 2505 879 2597 quemdam
891 2506 1038 2579 indidem
1048 2507 1184 2594 Thebis,
1201 2521 1233 2576 et

200 2625 451 2696 adversarium
443 2650 478 2692 m
494 2624 756 2694 administranda
773 2625 963 2718 republica,
982 2629 1059 2696 satis
1075 2630 1234 2696 exercita·

202 2760 273 2814 tum
292 2745 326 2812 in
341 2744 496 2834 dicend0,
512 2759 551 2814 ut
566 2744 760 2814 Thebanum
770 2746 900 2815 scilicet.
912 2748 1063 2839 Namque
1079 2746 1128 2816 illi
1145 2751 1232 2841 genti

202 2841 300 2956 plus
292 2880 377 2933 mest
393 2865 529 2952 virium,
548 2890 648 2959 quam
667 2865 800 2960 ingenii.
821 2868 869 2952 ls,
887 2863 1004 2956 quod
996 2891 1082 2934 mre
1100 2865 1233 2937 militari

204 2984 319 3052 llorere
335 2984 598 3077 Epaminondam
611 2983 759 3072 videbat,
774 2985 908 3055 hortari·
912 2983 1037 3053 solebat
1049 2986 1231 3075 Thebanos,

204 3120 243 3186 ut¹
256 3129 372 3198 pacem
390 3103 478 3174 bello
501 3104 719 3192 anteferrent,
738 3129 780 3170 ne
798 3102 885 3171 illius
910 3104 1115 3196 imperatoris
1134 3131 1230 3198 opera

202 3222 454 3292 desideraretur.
464 3225 551 3296 Huic
561 3221 615 3291 ille
626 3249 634 3290 ε
646 3221 783 3311 «Fallis,
797 3223 921 3316 inquit,
934 3223 1037 3291 verbo
1046 3226 1131 3293 cives
1144 3240 1234 3308 tuos,

202 3341 293 3436 quod
315 3342 375 3411 hos
393 3368 413 3410 a
428 3340 516 3410 bello
538 3368 674 3429 avocas3
693 3344 752 3411 otii
777 3345 865 3410 enim
887 3344 1021 3411 nomine
1043 3346 1235 3414 servitutem

202 3461 371 3532 concilies.
389 3464 475 3532 Nam
492 3464 621 3556 paritur
638 3488 701 3556 pax
722 3461 819 3530 bello.
837 3466 953 3553 Itaque
974 3463 1031 3554 qui
1052 3487 1090 3530 ea
1107 3461 1232 3533 diutina

202 3582 320 3652 volunt
335 3583 416 3671 frui,
435 3581 523 3651 bello
539 3584 709 3651 exercitati
724 3608 793 3652 csse
806 3582 941 3660 debent.
961 3584 1089 3671 Quare,
1104 3585 1131 3654 si
1142 3585 1230 3677 prin·

203 3703 291 3795 cipes
306 3703 442 3772 Graeciae
452 3726 521 3770 esse
536 3700 651 3789 vultis,
662 3703 783 3771 castris
800 3717 850 3771 est
868 3703 962 3770 vobis
978 3701 1152 3791 utendum,
1167 3727 1234 3770 non

203 3821 390 3915 palestra.»
412 3823 504 3890 Idem
522 3820 577 3888 ille
604 3820 804 3890 Meneclides
831 3847 935 3915 quum
959 3821 1037 3890 huic
1058 3821 1234 3914 objiceret,

202 3941 291 4033 quod
307 3940 428 4010 liberos
445 3965 513 4009 non
523 3940 679 4027 haberet,
692 3966 799 4034 neque
812 3967 949 4010 uxorem
960 3941 1119 4024 duxisset3
1132 3941 1234 4009 maxi·

203 4085 321 4154 meque
345 4060 568 4150 insolentiam,
592 4061 682 4154 quod
706 4062 768 4135 sibi
789 4061 1047 4157 Agamemnonis
1067 4058 1143 4128 belli
1165 4057 1235 4155 glo·
1271 4086 1274 4092 ·
