3114 5032
5 971 12 1006 l

537 482 858 578 onsmviilones.

411 720 469 787 IV.
501 692 755 789 Observationes
773 719 987 812 antz'quarioe.
1070 691 1073 698 Ι

164 942 168 949 ·
222 912 399 985 Singsdnrem
411 921 439 965 et
457 910 651 969 admirmdnn
666 910 709 966 rei
721 910 884 983 antiqrmriae
900 927 1015 985 operam
1033 911 1159 984 praestitit
1176 913 1218 968 vir
1239 861 1246 878 =

183 1003 305 1076 optimus
321 1002 473 1077 Philippus
490 1004 600 1058 Daniel
612 1003 742 1076 lippet,
759 1002 902 1076 professor
913 1002 1087 1059 Dresdensis.
1102 1005 1129 1059 ls
1143 1004 1219 1060 enim

181 1094 297 1169 picturae
307 1104 335 1150 et
343 1093 530 1169 reliquarum,
541 1113 603 1167 qua
616 1112 721 1150 cumea
734 1094 888 1166 conjunctae
901 1104 965 1150 sunt
973 1135 982 1164 ,
990 1094 1091 1153 artium
1100 1094 1137 1150 ab
1150 1095 1220 1150 edo-

182 1185 315 1241 lescentia
331 1187 437 1253 cultor,
454 1196 534 1242 tanto
553 1185 684 1241 incensus
703 1195 745 1242 est
762 1186 882 1258 antiqua
901 1186 1045 1260 elegantiae
1060 1185 1172 1256 studio,
1190 1196 1220 1242 ut

182 1297 269 1334 senex
285 1278 417 1334 didicerit
432 1278 538 1334 litteras
553 1295 670 1352 grecas,
685 1288 713 1334 et
730 1295 902 1351 gemmarum
920 1276 1026 1351 effigies
1043 1295 1147 1352 magno
1164 1295 1219 1333 nu-

181 1389 261 1426 mero
276 1369 411 1439 delectas,
424 1371 531 1446 optime
544 1369 700 1439 ordinatas,
714 1380 742 1426 et
753 1369 888 1444 singulari
899 1368 1080 1438 dexteritate,
1093 1387 1143 1424 sua
1155 1387 1220 1424 sno-

182 1480 303 1534 rumque
326 1481 412 1518 mann
431 1479 590 1537 expressas,
610 1480 670 1518 non
693 1463 786 1518 solnm
805 1460 1011 1516 communicare
1031 1479 1095 1515 eum
1118 1461 1219 1516 artium

183 1553 331 1622 studiosis,
344 1554 395 1609 sed
411 1554 496 1610 etiam
512 1553 650 1609 concinne
665 1564 693 1610 et
706 1554 815 1608 erudite
828 1553 968 1626 explicare
981 1552 1114 1626 potuerit.
1129 1555 1221 1610 Nemo

184 1654 225 1699 est
248 1644 297 1718 qui
320 1644 424 1713 nescit,
445 1655 549 1718 quanta
570 1645 607 1700 sit
621 1662 795 1718 gemmarum
811 1644 985 1718 praestantia,
1001 1661 1076 1717 quse,
1094 1654 1221 1698 veterum

183 1746 243 1792 arte
266 1737 379 1804 caelatae,
400 1736 431 1790 in
455 1737 614 1809 principum
631 1737 806 1809 aliorumque
821 1754 996 1791 summorum
1009 1734 1135 1790 virorum
1154 1754 1219 1789 mu-

184 1827 238 1882 seis
251 1837 436 1900 asservantur.
451 1827 545 1884 Habet
562 1827 647 1894 etiam
664 1827 918 1884 Excellentissimos
933 1846 1027 1883 comes
1044 1827 1081 1883 de
1100 1828 1221 1896 Tnorr,

185 1917 235 1990 qui
261 1928 305 1972 tot
323 1928 470 1991 tantasque
488 1937 534 1975 res
553 1937 601 1974 sua
621 1919 750 1974 doctrina
771 1929 800 1973 et
821 1937 874 1988 eo,
894 1937 950 1992 qno
974 1917 1092 1993 flagrat,
1119 1919 1220 1973 artium

185 2027 282 2064 amore
301 2001 511 2082 complectitur,
523 2028 648 2084 gemmas
667 2009 794 2082 antiquas
816 2008 900 2092 hand,
911 2028 1027 2082 panem,
1044 2028 1112 2082 quas
1130 2010 1221 2064 adhuc

184 2117 237 2156 nec
255 2102 303 2157 reri
322 2101 436 2172 incisas,
453 2121 511 2158 nec.
528 2102 583 2158 alia
607 2102 654 2158 via
675 2101 891 2172 communicatas
913 2120 975 2156 cum
993 2101 1108 2156 eruditis
1126 2101 1219 2156 credo.

185 2192 281 2265 Opera
297 2193 347 2248 illa
359 2193 598 2267 splendidissima,
617 2193 719 2267 quibus
735 2211 850 2266 gemmae
866 2193 914 2248 aeri
928 2193 1022 2248 incisae
1039 2193 1221 2263 exhihentur,

93 2346 95 2350 ¹
185 2301 318 2357 superare
333 2285 406 2340 mihi
416 2284 532 2341 videtur
546 2285 765 2358 Dactyliotheca
781 2285 978 2359 Lippeniana,
994 2303 1056 2357 quae
1073 2285 1131 2357 jam
1149 2303 1221 2357 qna·

185 2385 251 2431 tuor
263 2376 391 2432 maximae
406 2377 502 2434 formae
514 2377 658 2432 volumina
675 2378 770 2433 refert.
783 2377 849 2448 Ejus
864 2376 939 2431 enim
958 2373 1064 2449 effigies
1080 2374 1222 2444 eumdem,

186 2484 270 2538 quem
287 2467 341 2540 ipsi
354 2468 512 2544 archetypi,
525 2479 657 2543 praetant
674 2487 754 2524 usum
770 2469 801 2524 in
819 2459 993 2543 mythologie
1011 2479 1039 2523 et
1057 2467 1173 2524 historia
1185 2467 1222 2522 il-

186 2557 347 2628 lustranda3
359 2559 435 2631 imo,
447 2579 533 2634 quum
546 2571 665 2635 quatuor
676 2560 797 2616 millium
809 2577 956 2616 numerum
969 2572 1102 2634 superent
1114 2569 1143 2615 et
1154 2560 1221 2614 scite

186 2647 328 2722 disposite
341 2651 410 2720 sint,
425 2652 578 2724 majorem,
595 2671 679 2726 quam
691 2653 729 2709 ab
742 2653 802 2707 ullo
818 2653 847 2708 in
862 2653 974 2726 Europa
990 2668 1090 2708 museo
1105 2669 1222 2726 exspec-

185 2740 240 2796 tari
263 2752 365 2815 potest.
385 2746 477 2816 Opto,
496 2755 527 2799 ut
547 2745 579 2799 in
596 2745 699 2800 scholis
726 2744 890 2800 cultioribus
902 2745 1038 2800 habeatur
1051 2754 1078 2800 et
1091 2755 1223 2825 tractetur

66 2851 69 2854 ·
185 2831 246 2888 haec
266 2835 490 2910 Dactyliotheca3
515 2836 636 2910 pretium
659 2837 785 2910 quamvis
804 2853 951 2910 magnum,
971 2835 1049 2910 quod
1068 2836 1094 2892 ei
1107 2853 1223 2910 compn-

187 2925 282 2980 rnndae
299 2925 491 3001 impendetur,
511 2928 630 2984 utilitate
644 2928 725 2985 facile
740 2927 942 3001 compensabit.

227 3019 251 3071 I.
269 3019 400 3088 Notabo,
419 3039 480 3094 quae
495 3038 531 3076 ex
548 3020 676 3094 lipperti
691 3039 776 3093 opere
792 3020 829 3076 ad
849 3019 973 3076 Cornelii
985 3019 1167 3094 imperatores
1184 3020 1222 3076 il-

189 3106 347 3164 lustrandos
371 3111 520 3183 pertinent.
546 3112 691 3166 Miltiades
710 3122 752 3167 ter
768 3111 906 3181 occurrit,
922 3111 1041 3167 Chilied.
1056 3131 1099 3183 11,
1117 3133 1146 3168 n.
1166 3112 1221 3168 326

189 3209 217 3253 et
235 3199 304 3270 327,
325 3201 421 3276 Suppl.
440 3222 482 3268 11,
501 3222 530 3258 ιι.
549 3210 619 3272 1243
636 3202 833 3258 Themistocles
846 3203 906 3272 bis,
920 3203 992 3260 Chil.
1010 3222 1052 3273 11,
1072 3223 1101 3259 n.
1123 3203 1179 3260 330
1195 3216 1223 3259 rt

191 3290 243 3346 33ι
253 3312 261 3360 ;
270 3293 423 3362 Aristides,
434 3295 508 3350 Chil.
517 3314 543 3351 ιι
552 3315 595 3364 ,n.
606 3294 661 3351 3ιῦ
672 3305 699 3352 et
708 3293 779 3369 329;
790 3295 969 3363 Alcibiades,
984 3294 1056 3350 Chil.
1072 3313 1116 3363 11,
1129 3313 1157 3350 n.
1167 3295 1223 3350 333

189 3391 218 3438 et
239 3385 337 3457 Suppl.
358 3404 403 3452 11,
424 3405 452 3441 n.
475 3384 530 3441 125
548 3397 576 3441 et
599 3386 669 3456 126;
690 3387 927 3461 Epaminondas,
946 3386 1017 3442 Chil.
1037 3404 1080 3454 11,
1103 3404 1131 3439 n.
1150 3383 1223 3454 335;

191 3473 331 3542 Phocion,
346 3476 418 3532 Chil.
433 3496 473 3548 ιι,
490 3497 518 3532 n.
534 3477 599 3544 334.
614 3479 762 3534 Neminem
779 3477 927 3551 poenitebit
940 3476 1058 3550 legisse,
1074 3495 1135 3549 qnae
1152 3478 1222 3552 Lip-

192 3576 286 3640 pertus
303 3567 413 3641 scripsit
431 3569 468 3624 ad
485 3569 535 3624 has
550 3569 691 3642 imagines
706 3569 885 3643 explicandas
902 3568 934 3623 in
948 3566 1140 3624 voluminibus
1154 3568 1223 3644 Lip-

192 3655 252 3726 siae,
268 3659 348 3714 annis
367 3661 440 3731 1767
459 3672 491 3717 et-
508 3661 595 3732 1776,
607 3661 764 3734 publicatis.
1089 3717 1091 3721 ,
1139 3722 1144 3732 ,
1228 3727 1231 3736 .

230 3751 268 3806 ΙΙ.
287 3752 323 3806 In
341 3752 488 3822 Cornelio,
502 3753 550 3828 qui
569 3771 661 3809 mores
678 3755 852 3822 Graecorum,
864 3763 897 3807 ut
909 3752 1043 3809 Romanis
1059 3757 1223 3827 plerumque

191 3853 292 3911 notos,
310 3843 402 3917 attigit
418 3845 512 3918 potius
527 3863 612 3919 quam
632 3843 795 3916 explicavit,
812 3846 955 3917 complura
972 3844 1098 3902 inveniet
1116 3845 1221 3902 intelli-

192 3954 259 4008 gens
272 3937 373 4005 lector,
389 3956 450 4010 quae
467 3936 595 3993 altiorem
612 3935 783 4009 antiquitatis
800 3937 991 4010 cognitionem
1008 3937 1161 4010 requirunt.
1171 3939 1223 3990 Vel

192 4029 252 4084 sola
264 4027 406 4106 paefatio
428 4027 574 4084 materiam
594 4028 772 4102 suppeditare
789 4038 884 4102 posset
901 4029 999 4084 libello
1020 4028 1058 4083 de
1074 4027 1119 4082 his
1140 4029 1224 4083 rebus

193 4119 267 4176 haud
290 4119 384 4176 inutili
409 4131 459 4176 ant
486 4120 605 4195 ingrato.
627 4123 700 4176 Tum
719 4121 830 4176 demum
853 4118 966 4176 florebit
983 4119 1145 4194 philologia
1163 4131 1222 4176 stu·
