3168 5048
327 417 380 472 132
597 417 772 472 CORNELII
793 417 947 474 NEPOTIS
968 417 1077 473 CATO.
1162 449 1165 453 -

323 544 437 611 civitas
453 556 528 610 orta
544 543 586 610 sit
605 539 728 630 italica3
746 544 790 610 oh
807 567 906 634 quam
924 568 993 611 rem
1010 567 1122 610 omnes
1141 543 1294 636 Origines
1308 543 1355 608 vi-

323 661 420 729 detur
445 659 639 755 appellassse
669 662 734 728 :in
761 676 880 752 quarto
905 676 1014 730 autem
1041 659 1163 729 bellum
1190 663 1355 756 poenicum
1449 745 1451 750 Ι

266 787 268 791 ’
322 777 464 873 primum
484 805 491 846 :
512 780 546 847 in
565 780 681 872 quinto
703 779 882 848 secundum
905 806 912 848 :
932 795 1031 873 atque
1048 780 1117 848 haec
1136 781 1248 848 omnia
1268 782 1356 875 capi-

322 896 451 965 tulatim
470 911 548 966 sunt
567 897 668 985 dicta3
688 895 879 990 reliquaque
896 897 980 990 bella
998 899 1071 994 pari
1087 897 1186 968 modo
1205 923 1356 992 persecu·

323 1030 377 1085 tus
392 1031 456 1104 est,
473 1016 633 1109 usquead
651 999 827 1111 praeturam
841 1020 909 1086 Ser.
924 1016 1052 1105 Galbae,
1067 1019 1124 1110 qui
1136 1017 1273 1111 diripuit
1288 1021 1356 1086 Lu-

323 1136 455 1204 sitanos.
478 1138 588 1226 Atque
609 1136 729 1204 horum
755 1134 916 1204 bellorum
942 1136 1041 1206 duces
1064 1162 1130 1212 non
1157 1137 1355 1224 nominavit,

323 1255 380 1323 sed
394 1257 464 1324 sine
481 1255 670 1326 nominibus
687 1280 739 1323 res
756 1256 892 1323 notavit.-
910 1257 950 1323 In
969 1255 1083 1323 iisdem
1096 1257 1266 1349 exposuit3
1284 1280 1357 1346 quae

323 1375 358 1442 in
377 1372 472 1442 Italia
492 1375 723 1469 Hispaniisque
744 1359 933 1442 viderentur
955 1373 1154 1442 admiranda.
1176 1377 1216 1451 Iu
1236 1375 1356 1466 quibus

323 1490 428 1561 multa
447 1492 607 1574 industria
627 1507 661 1560 et
680 1491 852 1592 diligentia¹
868 1507 1047 1586 comparet,
1069 1491 1173 1574 multa
1195 1493 1354 1562 doctrina.

324 1611 432 1703 Hujus
447 1611 487 1678 de
505 1612 571 1678 vita
585 1625 617 1678 et
634 1611 780 1679 moribus
798 1610 894 1704 plura
911 1612 945 1678 in
963 1635 1002 1680 eo
1020 1610 1104 1680 libro
1122 1613 1283 1705 persecuti
1302 1637 1356 1680 su·
1401 1701 1404 1706 ,

324 1754 414 1816 mus,
428 1754 526 1821 quem
544 1730 717 1823 separatim
734 1719 775 1797 de
788 1753 827 1797 eo
844 1730 978 1804 fecimus
997 1745 1115 1823 rogatu
1131 1732 1197 1798 Titi
1214 1734 1354 1825 Pompo·

326 1849 373 1916 nii
390 1848 500 1916 Attici.
516 1848 628 1936 Quare
645 1847 808 1916 studiosos
826 1848 963 1932 Catonis,
979 1848 1021 1917 ad
1039 1847 1121 1917 illud
1135 1847 1287 1948 volumen
1304 1875 1355 1918 re·

327 1965 483 2063 legumus.
