3168 5048
369 356 423 422 ¹48
704 355 879 411 CORNELII
900 354 1054 410 NEPOTIS

367 481 541 574 dignitate,
553 502 651 566 quam
667 480 772 572 gratia
785 478 983 572 fortunaque
994 478 1146 545 crevisset
1155 474 1295 569 (multas
1307 476 1399 542 euim

367 598 571 668 haereditates
580 594 673 665 nulla
681 596 744 663 alia
757 619 808 682 re,
823 599 1095 687 quambonitate,
1109 609 1158 662 est
1171 590 1399 686 consecutus),

367 731 523 807 tantaque
536 715 752 809 prosperitate
770 738 848 782 usus
862 728 946 782 esset
963 712 1175 799 valetudinis,
1187 726 1226 778 ut
1235 712 1329 780 annis
1339 712 1401 777 tri-

367 836 457 926 ginta
482 834 643 903 'medicina
670 857 738 900 uon
753 832 975 926 indiguisset3
1004 847 1120 900 nactus
1149 845 1198 898 est
1222 831 1397 916 morbum,

367 978 464 1046 quem
480 954 574 1020 initio
592 966 625 1019 et
642 953 711 1045 ipse
724 965 757 1018 et
772 951 888 1020 medici
906 964 1193 1044 contempserunt:
1212 973 1290 1016 nam
1303 963 1400 1042 puta-

367 1086 447 1139 runt
465 1096 534 1139 esse
552 1086 737 1158 tenesmon,
755 1071 808 1137 cui
833 1069 975 1136 remedia
994 1068 1110 1143 celeria
1130 1066 1301 1159 faciliaque
1321 1092 1399 1160 pro-

367 1191 584 1284 ponebantur.
595 1192 634 1256 In
648 1189 712 1256 hoc
723 1212 826 1280 quum
837 1203 901 1256 tres
915 1211 1041 1255 menses
1051 1188 1120 1254 sine
1129 1183 1203 1254 ullis
1216 1183 1398 1273 doloribus,

367 1323 585 1402 praeterquam
600 1331 682 1399 quos
699 1330 739 1374 ex
756 1308 925 1375 curatione
944 1307 1107 1400 capiebat,
1127 1305 1397 1397 consumpsisset3

368 1429 478 1497 subito
491 1441 583 1495 tanta
601 1427 650 1495 vis
667 1427 774 1494 morbi
790 1427 825 1493 in
843 1427 947 1493 imum
969 1426 1160 1494 intestinum
1176 1425 1345 1517 prorupit,
1360 1439 1401 1491 ut

368 1561 514 1616 extremo
531 1556 678 1638 tempore
697 1571 757 1638 per
774 1543 903 1613 lumbos
923 1543 1031 1613 fistula
1049 1545 1155 1637 putris
1171 1544 1325 1636 eruperit.
1341 1547 1401 1613 At-

369 1689 434 1758 que
450 1664 514 1731 hoc
533 1665 724 1757 priusquam
742 1665 771 1730 ei
789 1663 964 1750 accideret,
981 1676 1155 1756 postquam
1171 1662 1206 1729 iu
1223 1661 1290 1728 dies
1308 1660 1401 1730 dolo·

369 1806 420 1850 res
435 1804 632 1868 accrescere,
651 1756 821 1873 febresque
838 1781 1009 1849 accessisse
1024 1782 1140 1867 sensit,
1149 1781 1330 1872 Agrippam
1344 1805 1401 1873 ge-

370 1924 497 1970 nerum*
510 1899 551 1968 ad
577 1924 611 1968 se
629 1901 776 1968 arcessiri
795 1900 914 1991 jussit,
935 1914 968 1967 et
989 1925 1065 1967 cum
1089 1924 1128 1967 eo
1150 1903 1188 1994 L.
1207 1897 1399 1968 Cornelium

369 2018 526 2105 Balbum,
545 2021 744 2110 Sextumque
765 2017 967 2086 Peducaeum.
986 2021 1055 2085 Hos
1073 2032 1110 2086 ut
1123 2019 1249 2086 venisse
1262 2017 1344 2114 uidit
1361 2019 1399 2086 in

369 2126 519 2206 cubitum
548 2138 678 2204 innixus
702 2162 710 2204 :
732 2138 942 2226 «Quantam,
967 2138 1093 2230 inquit,
1117 2162 1230 2204 curam
1261 2135 1400 2230 diligen·

370 2258 515 2348 tiamque
529 2256 564 2322 in
578 2240 763 2322 valetudine
779 2278 852 2322 mea
865 2255 987 2322 tuenda
1002 2256 1072 2323 hoc
1082 2271 1228 2349 tempore
1241 2255 1401 2323 adhibue-

369 2377 452 2461 rim,
467 2399 570 2466 quum
583 2397 643 2441 vos
656 2387 753 2441 testes
768 2373 922 2461 habeam,
939 2372 1020 2442 nihil
1037 2398 1165 2442 necesse
1182 2389 1232 2442 est
1248 2373 1400 2468 pluribus

370 2493 477 2560 verbis
496 2516 759 2560 commemorare.
780 2492 917 2580 Quibus,
930 2493 1102 2584 quoniam,
1117 2505 1155 2561 ut
1173 2517 1283 2586 spero,
1301 2494 1397 2560 satis·
1462 2544 1464 2550 .

370 2609 449 2696 feci,
466 2635 519 2678 me
536 2609 618 2679 nihil
635 2608 752 2701 reliqui
765 2609 892 2697 fecisse,
908 2610 999 2701 quod
1012 2609 1053 2678 ad
1065 2609 1245 2684 sanandum
1259 2635 1312 2677 me
1325 2634 1400 2703 per-
1430 2679 1434 2684 ,

365 2712 509 2815 ’ῑίηετεῃ
528 2727 690 2819 reliquum
704 2742 770 2816 est,
788 2742 826 2794 ut
839 2742 968 2820 egomet
986 2728 1067 2797 mihi
1081 2726 1261 2797 consulam.
1281 2729 1320 2796 Id
1338 2754 1398 2797 vos

370 2848 522 2938 ignorare
547 2844 648 2914 nolui.
667 2848 753 2918 Nam
772 2846 853 2914 mihi
870 2860 935 2914 stat
955 2845 1041 2923 alere
1057 2847 1208 2915 morbum
1226 2847 1396 2915 desinere:

371 2988 512 3057 namque
528 2963 579 3031 his
594 2963 708 3033 diebus
723 2964 883 3057 quidquid
901 2966 965 3034 cibi
979 2967 1117 3059 sumpsi,
1132 2967 1178 3033 ita
1189 2966 1330 3060 produxi
1349 2967 1397 3034 vi-

371 3095 454 3166 tam,
472 3096 509 3149 ut
523 3083 667 3150 auxerim
687 3081 899 3151 doloressine
920 3108 977 3176 spe
995 3082 1117 3151 salutis.
1137 3084 1249 3172 Quare
1267 3111 1286 3153 a
1304 3086 1397 3182 vobis¹

371 3214 447 3292 peto
464 3202 622 3294 primum,
639 3215 676 3269 ut
699 3200 872 3268 consilium
896 3201 1039 3295 probetis
1052 3182 1182 3289 meum3
1206 3201 1336 3290 deinde,
1355 3229 1397 3271 ne

371 3316 493 3385 frustra
506 3318 710 3387 dehortando
724 3319 896 3386 conemini.
905 3348 922 3383 »

326 3454 337 3467 '
419 3439 526 3504 XXII.
545 3440 615 3504 Hac
633 3438 780 3504 oratione
797 3436 922 3524 hahita,
942 3451 1033 3506 tanta
1048 3441 1231 3506 constantia
1247 3442 1335 3509 vocis
1349 3455 1397 3510 at-

372 3576 436 3645 que
454 3552 581 3642 vultus,
604 3569 724 3623 utnon
742 3578 781 3621 ex
795 3555 879 3640 vita,
900 3555 956 3623 sed
974 3580 1013 3623 ex
1032 3557 1130 3625 domo
1142 3559 1177 3625 in
1199 3558 1334 3637 domum
1350 3561 1398 3628 vi·

372 3671 504 3740 deretur
514 3674 674 3766 migrare3
689 3696 793 3764 quum
809 3672 946 3764 quidem¹
954 3677 1101 3768 Agrippa
1114 3701 1195 3747 eum,
1204 3676 1284 3745 flens
1298 3693 1397 3770 atquc

371 3788 522 3860 osculans
536 3805 644 3859 oraret
658 3806 756 3884 atque
771 3791 972 3879 obsecraret,
992 3817 1033 3860 ne
1047 3793 1088 3860 ad
1105 3794 1156 3883 id,
1175 3796 1264 3888 quod
1276 3779 1397 3864 natura

372 3924 517 4010 cogeret,
536 3911 605 4004 ipse
628 3932 760 4003 quoque
780 3909 841 3978 sibi
864 3908 1075 4000 acceleraret,
1092 3927 1125 3981 et
1147 3917 1303 4007 quoniam
1315 3931 1398 4013 ¹tum
