3168 5048
616 491 817 548 TIMOLEON.
1177 513 1228 552 111

207 625 328 691 minem
337 617 529 690 bellicosum
545 630 578 685 et
591 629 772 710 potentem,
786 615 843 708 qui
860 627 1014 708 tyrannos
1030 616 1178 710 adjutum
1196 622 1230 689 in

207 738 350 810 Siciliam
367 749 510 807 venerat.
842 816 845 824 Ι

254 861 314 926 ΠΙ.
333 851 463 946 Quibus
476 854 573 922 rebus
587 852 756 940 confectis,
769 877 871 945 quum
889 868 1023 947 propter
1036 855 1232 928 diuturnita-

208 993 273 1046 tem
293 973 369 1044 belli
388 983 456 1042 non
474 969 579 1040 solum
599 973 761 1065 regiones,
783 971 838 1040 sed
859 973 956 1040 etiam
976 973 1072 1042 urbes
1090 975 1231 1047 desertas

208 1097 347 1182 videret,
356 1090 565 1185 conquisivit,
579 1113 661 1182 quos
673 1090 795 1183 potuit,
809 1091 951 1183 primum
961 1073 1100 1181 Siculos3
1115 1094 1231 1165 deinde

207 1214 369 1287 Corintho
385 1211 550 1280 arcessivit
562 1207 710 1295 colonos,
727 1208 816 1300 quod
827 1209 869 1278 ab
885 1209 936 1278 his
956 1211 1049 1299 initio
1066 1214 1231 1305 Syracuse

207 1314 300 1402 erant
312 1330 459 1400 conditae.
475 1329 608 1400 Civibus
621 1327 785 1398 veteribus
797 1351 856 1395 sua
869 1329 1024 1418 restituit,
1041 1332 1133 1398 novis
1144 1331 1231 1402 bello

207 1450 408 1521 vacuefactas
424 1449 640 1543 possessiones
653 1446 777 1533 divisit,
800 1447 932 1516 urbium
948 1449 1067 1518 moeuia
1082 1449 1230 1542 disjecta,

208 1571 346 1662 fanaque
371 1569 496 1667 deserta
521 1565 646 1653 refecit,
671 1565 855 1634 civitatibus
877 1563 962 1660 leges
987 1565 1230 1663 libertatemque

207 1690 347 1760 reddidit
372 1715 380 1756 :
406 1712 445 1756 ex
468 1686 608 1754 maximo
629 1682 714 1752 bello
736 1698 863 1752 tantum
889 1686 992 1753 otium
1017 1699 1093 1754 totae
1117 1687 1230 1758 insulae

207 1807 408 1894 conciliavit,
425 1820 463 1874 ut
479 1806 534 1872 hic
550 1803 700 1873 conditor
717 1802 846 1871 urbium
865 1828 993 1893 earum,
1007 1829 1075 1873 non
1093 1804 1156 1893 illi,
1173 1810 1229 1899 qui

207 1928 299 1995 initio
327 1925 544 2008 deduxerant,
569 1921 743 1990 videretur.
771 1925 887 1990 Arcem
916 1924 1100 2016 Syracusis,
1130 1949 1229 2017 quam

206 2047 368 2114 munierat
395 2043 572 2136 Dionysius
600 2037 643 2108 ad
670 2040 785 2108 urbem
810 2040 1038 2130 obsidendam,
1067 2067 1086 2110 a
1113 2043 1228 2112 funda·

205 2165 322 2232 mentis
348 2161 487 2254 disjecit3
515 2174 621 2228 cetera
646 2159 826 2252 tyrannidis
849 2159 1096 2253 propugnacula
1120 2161 1228 2231 demo·

205 2282 283 2350 litus
303 2296 365 2368 est;
387 2279 539 2371 deditque
556 2303 703 2373 operam,
722 2294 875 2372 utquam
890 2280 1022 2347 minime
1040 2277 1145 2347 multa
1162 2306 1229 2348 ves·

206 2400 285 2493 tigia
305 2399 468 2468 servitutis
488 2413 665 2466 manerent.
688 2400 801 2486 Quum
819 2399 917 2466 tantis
934 2412 1017 2466 esset
1038 2399 1170 2492 opibus,
1190 2413 1229 2466 ut

203 2519 301 2588 etiam
329 2518 437 2586 invitis
468 2517 626 2610 imperare
653 2531 777 2611 posset;
804 2531 932 2584 tantum
959 2531 1067 2584 autem
1095 2518 1239 2602 haberet'

203 2661 346 2705 amorem
375 2637 522 2705 omnium
548 2634 752 2723 Siculorum,
781 2650 819 2704 ut
844 2634 936 2704 nullo
962 2651 1132 2705 recusante
1157 2663 1229 2732 reg-

204 2779 284 2822 num
308 2755 484 2842 obtinerct3
509 2753 625 2822 maluit
651 2778 684 2821 se
706 2753 810 2848 diligi,
835 2777 932 2847 quam
956 2757 1067 2823 metui.
1094 2761 1227 2848 Itaque,

203 2899 305 2966 qutun
327 2875 469 2968 primum
491 2875 616 2969 potuit,
639 2873 809 2966 imperium
834 2873 1000 2968 deposuit,
1024 2889 1057 2942 et
1081 2877 1227 2968 privatus

204 2993 385 3085 Syracusis,
408 2993 497 3086 quod
520 2991 681 3086 reliquum
704 2993 778 3060 vitae
798 2991 876 3080 fuit,
899 2993 988 3060 vixit.
1013 2996 1126 3086 Neque
1150 3019 1227 3065 vero

203 3109 237 3178 id
260 3111 409 3204 imperite
430 3110 505 3180 fecit
527 3137 536 3180 ε
557 3135 648 3195 nam,
671 3110 761 3203 quod
783 3113 879 3179 ceteri
903 3135 993 3205 reges
1017 3113 1153 3206 imperio
1172 3139 1227 3208 po·

203 3241 354 3316 tucrunt,
370 3229 424 3300 hic
441 3227 664 3298 benovolentia
682 3229 796 3297 tenuit.
815 3227 933 3299 Nullus
955 3230 1060 3298 honos
1078 3231 1156 3299 huic
1173 3230 1227 3299 de·

202 3345 263 3418 suit
282 3373 290 3414 :
308 3371 414 3441 neque
430 3361 542 3440 postea
563 3371 614 3416 res
634 3346 702 3416 ulla
720 3349 885 3440 Syracusis
908 3363 997 3442 gestu
1015 3364 1064 3432 est
1081 3347 1226 3443 publice,

202 3465 242 3534 de
260 3490 326 3558 qua
341 3467 434 3559 prius
455 3467 496 3534 sit
518 3465 697 3554 decretum,
720 3491 818 3559 quam
837 3465 1047 3536 Timoleontis
1068 3467 1227 3536 sententia

202 3585 342 3675 cognita.
370 3583 500 3654 Nullius
528 3608 673 3675 unquam
697 3582 868 3653 consilium
893 3611 959 3654 non
981 3586 1080 3655 modo
1106 3584 1228 3654 antela-

201 3717 288 3789 tum,
311 3699 428 3796 sedne
453 3717 676 3795 comparatum
702 3701 833 3795 quidem
856 3719 921 3792 est;
944 3729 1049 3798 neque
1069 3704 1104 3772 id
1124 3706 1227 3799 magis
1266 3787 1268 3791 ι
1295 3749 1297 3752 -

185 3819 425 3890 'benevolentia
445 3821 568 3890 factum
589 3835 654 3910 est,
675 3844 773 3915 quam
795 3823 977 3916 prudentia.

249 3943 307 4008 IV.
333 3940 394 4008 Hic
419 3963 522 4033 quum
543 3955 637 4008 aetate
654 3942 722 4033 jam
744 3957 918 4037 provectus
942 3955 1041 4031 esset,
1066 3943 1134 4012 sine
1159 3939 1228 4010 ullo

202 4061 316 4128 morbo
338 4058 463 4128 lumina
485 4058 656 4130 oculorum
680 4062 801 4149 amisit,
824 4087 921 4156 quam
946 4062 1159 4133 calamitatem
1182 4063 1225 4129 ite
1297 4147 1302 4158 ‚
