3114 5032
326 425 396 487 '216
422 415 425 422 '
573 443 576 460 ι
794 405 918 483 n'orn

377 556 440 610 Cre.
455 555 488 608 V.
508 554 563 610 Sub
580 555 681 610 moitis
700 554 847 610 radicibus.
857 553 913 623 Qui
925 553 1010 608 Mons
1024 553 1113 608 Panis
1130 552 1219 609 dictus
1239 565 1316 628 erat,
1336 557 1391 610 ni-

338 648 439 703 mirum
460 657 601 703 etemore
619 646 723 720 panico
743 665 828 720 quem
844 645 936 702 Persis
958 645 1026 700 deus
1043 647 1103 700 Pan
1125 643 1268 716 injecerat.
1289 647 1389 702 Unde

256 757 258 764 ’
338 739 478 811 conjicere
497 739 563 795 licet
574 738 746 808 Miltiadem,
767 737 843 810 cujus
862 755 968 793 nomen
986 756 1003 791 a
1024 755 1094 792 voce
1113 739 1229 806 μίλτος,
1241 737 1388 808 minium,

338 830 633 908 derivatur‚eumdem
645 849 704 886 esse
711 871 719 900 ,
732 831 778 884 vel
787 829 863 884 idem
875 848 980 909 nomen
987 827 1117 885 habuisse
1127 848 1158 884 ac
1171 832 1289 898 Panem,
1298 830 1388 902 cujus

337 921 443 998 effigies
455 923 573 978 miniata
586 932 654 978 erat.
667 923 737 976 Vide
745 924 879 992 Pensm„
888 939 915 990 1,
924 917 976 989 32,
988 931 1109 990 extr.,et
1119 922 1223 990 Vrec„
1236 922 1343 995 Eulog.
1355 941 1386 976 x.

376 1018 441 1073 Cu.
463 1016 514 1070 vl.
538 1015 658 1069 Poecile.
680 1016 775 1086 Graece
792 1015 908 1072 οιοιιιίλιι
924 1013 1017 1083 scine
1034 1007 1175 1081 ποικίλος,
1188 1011 1274 1067 variis
1290 1013 1387 1068 eolo-⁴

336 1107 414 1162 ribus
427 1106 582 1162 distinctus.
596 1106 631 1159 In
648 1105 700 1160 hac
717 1105 828 1179 porticu
843 1103 927 1160 variis
940 1105 1111 1179 picturarum
1126 1103 1276 1179 generibus
1289 1104 1387 1160 ador-

336 1209 415 1272 nata,
430 1195 612 1254 Marathonia
623 1214 718 1271 pugna
731 1197 841 1271 depicta
854 1208 922 1252 erut.

377 1291 441 1345 eu.
458 1291 524 1344 VII.
545 1289 644 1342 Vincis.
664 1287 761 1366 Vineae
772 1288 988 1344 instrumentum
1005 1287 1139 1344 bellicum
1152 1296 1232 1342 erant
1250 1284 1387 1340 cratibus

336 1390 513 1449 contextum,
531 1379 562 1433 in
582 1379 699 1437 nodum
716 1381 809 1434 umeoe
821 1399 870 1435 seu
882 1380 948 1434 vitis
964 1379 1077 1453 jugatas,
1095 1379 1147 1434 sub
1160 1377 1261 1452 quibus
1277 1395 1385 1450 oppu-

336 1482 454 1548 gnantes
467 1471 551 1527 tutius
565 1471 602 1525 ad
614 1489 712 1527 muros
723 1471 899 1526 subruendos
908 1471 1102 1545 penetrabant.

381 1564 507 1618 resudo.
528 1562 661 1618 Machina
674 1562 775 1618 bellica
787 1563 918 1618 tabtrlatb
931 1574 959 1619 et
971 1562 1056 1620 coriis
1071 1561 1187 1617 cilicinis
1201 1570 1354 1628 contexta,
1366 1581 1385 1614 a

336 1653 521 1710 similitudine
538 1654 684 1709 testudinis
701 1653 784 1710 dieta.
806 1656 926 1710 Tesmdo
941 1673 1053 1729 quoqne
1070 1653 1216 1709 dicebatur
1229 1671 1317 1725 quam
1332 1651 1384 1706 fa-

336 1745 449 1802 ciebant
470 1746 572 1802 milites
592 1764 621 1801 se
647 1747 814 1820 tegumentis
836 1758 977 1802 scutorum
1002 1737 1126 1819 undique
1148 1744 1324 1818 operientes,
1346 1754 1384 1798 ut

336 1838 449 1894 testudo
466 1857 517 1892 suo
534 1837 686 1911 putamine.

341 1977 345 1990 ,
375 1932 402 1986 Α
418 1947 493 2005 rege.
512 1930 668 1986 Subaudito
685 1932 835 1986 Persarum
839 1953 851 1999 ,-
869 1933 1015 1986 Persarum
1033 1929 1108 1984 enim
1126 1946 1206 2002 reges
1223 1946 1304 1983 nunc.
1318 1945 1377 1997 με·

336 2017 427 2098 ’γίίιιοι
444 2017 587 2091 Bassaris,
604 2023 700 2097 magni
716 2041 809 2097 reges,
827 2039 905 2083 niano
918 2041 996 2097 reges
1009 2015 1136 2078 absolute
1152 2021 1328 2081 dicebantur.

343 2157 346 2165 .
374 2117 509 2174 Miltiadis
522 2114 637 2192 'effigies
659 2121 798 2190 'spectatur
812 2117 844 2172 in
856 2116 1021 2171 numismate
1036 2112 1142 2184 veteri,
1160 2113 1289 2170 cumbae
1309 2117 1378 2190 epi-

335 2211 645 2282 graphee'MIATI'AAO
678 2205 1268 2284 nonullos(MltiadoAaeheniensi's);'in
1276 2227 1377 2264 aversa

334 2312 415 2373 parte
428 2303 522 2376 imago
528 2303 679 2358 Libertatis
696 2303 806 2358 sinistra
818 2298 1164 2374 manu'pileumtenentis3
1177 2317 1273 2372 super,
1282 2317 1376 2372 puero

334 2393 457 2448 lauream
473 2397 638 2464 extollente,
657 2415 720 2450 cum
734 2395 787 2449 hac
804 2392 987 2466 inscriptione
1005 2412 1011 2445 :
1027 2393 1192 2449 ΕΛΛΗΝΩΝ
1211 2394 1374 2448 ΕΛΕΥΘΕ-

336 2482 412 2561 Pla(
421 2487 579 2548 Graecorum
589 2485 723 2558 libertas).
734 2485 865 2560 Effigiem
880 2484 964 2541 etiam
977 2484 1102 2538 Cimonis
1118 2483 1206 2539 habes
1220 2503 1256 2540 ex
1269 2485 1375 2540 Herme

335 2576 423 2653 veteri
449 2578 523 2636 inter
542 2578 681 2652 Imagines
708 2577 858 2634 illustrium
874 2574 906 2634 F.
919 2575 1016 2632 Ursini
1030 2595 1107 2632 uum.
1126 2595 1179 2650 923
1194 2586 1223 2632 et
1248 2577 1373 2649 ejusdem

334 2670 452 2725 Hermes
473 2671 543 2726 alius
563 2682 689 2743 repertus
709 2681 751 2726 est
773 2671 843 2726 olim
859 2671 957 2724 Romae
975 2668 1006 2723 in
1023 2679 1121 2723 moute
1139 2668 1244 2738 Coelio,
1262 2669 1374 2725 duobus

335 2762 461 2820 versibus
477 2763 573 2840 graecis
593 2773 621 2818 et
638 2762 732 2818 latinis
748 2762 911 2835 inscriptus,
929 2780 999 2835 quos
1017 2761 1152 2816 exhibent
1166 2763 1281 2817 Gruteri
1299 2763 1374 2818 The·

334 2871 408 2907 saur.
431 2855 531 2921 insen,
549 2873 578 2928 p.
597 2853 689 2924 4386,
705 2864 732 2910 et
750 2857 795 2910 Jo.
811 2855 917 2924 Faber,
935 2853 966 2908 in
984 2854 1090 2909 Comm.
1110 2854 1147 2909 ad
1165 2854 1248 2930 imag.
1266 2855 1373 2912 Ursini.

628 3097 664 3145 lu
689 3101 935 3148 THEMISTOCLIS
962 3101 1080 3146 mrum.
1101 3063 1105 3070 =

376 3304 443 3359 Cu.
466 3305 490 3360 Ι.
516 3305 588 3376 Quoe
605 3307 779 3370 contumelia.
800 3306 915 3360 Paterna
938 3304 1012 3360 enim
1033 3303 1137 3358 familia
1155 3303 1302 3359 excidebat
1318 3307 1372 3363 ab-

336 3396 443 3454 dicatus
455 3397 580 3468 juvenis,
593 3398 760 3471 publiceque
776 3415 829 3470 per
841 3415 999 3470 praeconem
1013 3395 1251 3470 pronuntiabatur
1263 3409 1372 3472 patrem

336 3505 439 3562 negare
456 3489 532 3544 hunc
548 3509 628 3544 sunm
644 3488 734 3544 filium
749 3508 807 3544 esse
823 3489 951 3561 amplius.

377 3579 440 3634 Car.
458 3581 497 3634 11.
508 3583 627 3636 Xerxes.
644 3581 725 3636 Darii
741 3581 844 3650 Nothi,
860 3581 947 3654 patris
965 3581 1022 3651 sui,
1040 3583 1248 3638 Marathoniam
1265 3584 1370 3640 cladem

339 3672 538 3728 vindicaturus.

357 3767 364 3780 “
383 3765 528 3820 Tn'remes.
550 3765 596 3822 Sic
611 3763 691 3819 dictae
706 3783 722 3818 a
737 3764 840 3838 triplici
858 3766 929 3823 serie
947 3785 1084 3822 remorum
1102 3777 1129 3822 et
1150 3770 1294 3843 remigum.

378 3860 422 3911 Ac
442 3876 525 3912 sacra
537 3857 727 3929 procreanda.
746 3857 782 3914 Id
798 3869 854 3928 est,
869 3878 902 3915 ae
918 3859 1055 3916 servanda
1076 3839 1305 3917 sacra'Minervae
1318 3864 1367 3917 Po-

339 3948 428 4004 liudis.
452 3949 521 4002 Vide
537 3949 652 4018 sunan,
670 3963 710 4006 rx.

378 4041 440 4094 Cre.
456 4040 502 4094 IV.
521 4045 600 4094 Astu.
614 4041 648 4094 Id
668 4052 709 4096 est
726 4045 859 4112 Athenas,
873 4061 934 4117 quae
944 4043 1020 4118 apud
1032 4013 1141 4100 lltticos
1154 4040 1206 4103 οἰςύ
1217 4063 1268 4118 per
1277 4047 1369 4101 excel·
