3168 5048
593 517 829 578 FRAGMENTA.
1173 509 1226 564 165

200 657 362 735 quatenus
380 642 413 709 id
429 643 498 710 fieri
518 667 586 710 non
607 655 731 733 potest,
751 637 855 706 multo
873 651 1035 729 tempore,
1051 635 1228 728 multisque

200 762 347 853 partibus
369 761 493 828 inimici
513 737 615 828 nostri
641 783 709 826 non
730 758 902 850 peribunt3
928 771 1043 847 atquc,
1067 755 1116 823 uti
1141 780 1230 822 nunc

200 893 292 964 sunt,
318 894 417 947 erunt
440 879 569 970 potius,
594 902 693 969 quam
715 876 899 968 respublica
922 874 1114 967 profligetur
1132 879 1230 968 atque

201 1011 321 1087 pereat.

557 1117 688 1187 Eadem
709 1117 773 1187 alii>
792 1117 872 1186 loeo.

250 1354 370 1422 Verbis
384 1357 550 1448 conceptis
566 1355 709 1448 dejerare
725 1358 846 1442 ausim,
862 1369 1079 1446 praeterquam
1100 1355 1157 1444 qui
1177 1354 1233 1420 Ti·
1260 1352 1263 1360 ’

201 1471 329 1538 herium
352 1474 542 1541 Gracchum
569 1485 748 1559 necarunt,
771 1476 936 1542 neminem
960 1473 1131 1539 inimicum
1160 1485 1233 1538 tan·

202 1579 272 1656 tum
295 1589 467 1676 molestiae,
493 1605 689 1684 tantumque
714 1590 848 1678 laboris,
873 1603 1032 1682 quantum
1053 1604 1085 1656 te
1109 1591 1151 1657 ob
1175 1589 1232 1656 has

202 1731 270 1788 res,
291 1709 372 1776 mihi
398 1707 597 1795 tradidisse:
623 1735 720 1806 quem
746 1710 919 1802 oportebat
945 1709 1095 1776 omnium
1119 1731 1232 1774 eorum

202 1850 285 1917 quos
308 1840 384 1893 ante
403 1828 574 1895 habuerim
595 1827 732 1914 liberos,
758 1830 861 1920 partis
882 1851 997 1896 eorum
1020 1823 1159 1894 tolerare
1184 1841 1233 1892 at·

202 1968 266 2035 que
283 1969 415 2028 curare,
437 1959 473 2012 ut
493 1969 590 2036 quam
609 1947 782 2013 minimum
804 1944 1034 2012 sollicitudinis
1050 1946 1085 2010 in
1105 1958 1233 2012 senecta

203 2062 371 2148 haberem,
388 2064 519 2155 utique,
537 2088 754 2156 quaecumque
770 2087 896 2156 ageres,
918 2085 956 2130 ca
975 2060 1073 2130 velles
1094 2063 1233 2130 maxime

202 2179 282 2246 mihi
304 2179 447 2272 placere3
469 2195 567 2273 atque
587 2183 637 2249 uti
655 2181 745 2248 nefas
770 2181 920 2266 haberes,
940 2203 1051 2248 rerum
1071 2180 1232 2271 majorum

203 2296 376 2365 adversum
392 2324 499 2368 meam
512 2302 705 2369 sententiam
722 2301 904 2392 quidquam
922 2300 1035 2368 lacere.
1053 2300 1233 2368 Praesertim

204 2416 301 2500 mihi,
321 2417 374 2484 cui
395 2442 496 2510 parva
515 2443 590 2512 pars
610 2421 685 2488 vitae
711 2435 873 2513 superest,
892 2443 934 2486 ne
953 2417 987 2485 id
1006 2417 1139 2510 quidem
1168 2431 1234 2484 tam

204 2535 304 2603 breve
318 2538 461 2628 spatium
477 2554 586 2630 potest
602 2515 773 2631 opitulari,
790 2539 871 2629 quin
889 2535 1018 2605 etmihi
1041 2535 1234 2619 adverseris,

204 2666 237 2722 et
256 2654 493 2747 rempublicam
514 2655 678 2748 profligas.
700 2657 851 2749 Denique
873 2679 945 2748 quae
970 2678 1071 2746 pausa
1090 2651 1174 2722 erit?
1195 2658 1236 2722 Et

205 2773 338 2864 quando
359 2775 484 2842 desinet
501 2775 624 2843 familia
645 2791 756 2843 nostra
776 2773 1002 2844 insanirei-Et
1019 2772 1151 2865 quando
1168 2798 1237 2841 mo-
1302 2787 1305 2796 ⁴

205 2893 267 2960 dus
284 2893 314 2959 ei
334 2895 381 2960 rei
400 2895 511 2961 haberi
533 2893 678 2986 poterit?
695 2897 738 2964 Et
756 2893 889 2986 quando
906 2893 1104 2980 desinemus,
1125 2907 1158 2959 et
1178 2892 1237 2960 ha·

206 3012 393 3097 beutes„et
420 3013 617 3104 prebentes,
644 3010 800 3080 molestiis
826 3010 1007 3080 desistere?
1034 3015 1077 3079 Et
1103 3009 1236 3102 quando

206 3129 423 3222 perpudescet
437 3130 603 3197 miscenda
620 3145 718 3221 atque
737 3128 960 3222 perturbanda
973 3109 1158 3220 republica?
1173 3130 1237 3196 Sed

207 3250 232 3316 si
252 3249 386 3315 omuino
405 3248 438 3314 id
459 3248 529 3316 lieri
548 3274 614 3317 non
635 3263 759 3342 potest,
780 3249 836 3316 ubi
856 3272 916 3341 ego
941 3263 1070 3316 mortua
1089 3273 1160 3333 ero,
1182 3273 1237 3340 pe·

208 3369 269 3435 tito
297 3367 523 3452 tribunatum;
551 3385 627 3459 post
651 3392 703 3435 mc
719 3368 825 3438 ,facito
850 3367 939 3458 quod
965 3359 1107 3450 lubebit,
1135 3389 1237 3456 quum
1271 3453 1273 3460 Ι

207 3510 268 3577 ego
288 3510 355 3552 nou
381 3487 531 3554 sentiam.
549 3487 617 3554 Ubi
636 3501 767 3554 mortua
786 3510 858 3573 cro,
885 3485 1071 3576 pareutabis
1091 3483 1185 3571 mihi,
1205 3498 1238 3550 et

210 3603 375 3670 invocabis
394 3603 491 3671 deum
512 3617 691 3696 parentem.
715 3607 754 3671 In
773 3629 812 3671 co
827 3619 978 3694 tempore
994 3628 1060 3670 non
1085 3602 1238 3695 pudette

208 3747 322 3790 eorum
340 3721 438 3791 deum
454 3746 566 3814 preces
583 3737 747 3814 expetere,
763 3749 861 3815 quos,
877 3724 970 3791 vivos
990 3737 1088 3815 atque
1103 3745 1239 3814 praesen-

209 3858 272 3926 tes,
293 3841 423 3910 relictos
438 3854 537 3933 atque
555 3841 701 3910 desertos
717 3841 894 3910 habueris?
907 3843 958 3911 Ne
973 3840 1026 3909 ille
1047 3841 1132 3908 sinat
1149 3845 1168 3909 J
1169 3841 1242 3933 upi-

208 3978 269 4049 ter,
294 3976 326 4028 te
350 3987 388 4029 ea
410 3985 630 4053 perseverare,
651 3985 712 4028 nec
736 3962 796 4028 tibi
821 3977 948 4029 tantam
972 3960 1168 4028 dementiam
1188 3982 1235 4026 ve-

209 4082 280 4149 nire
294 4082 328 4147 in
342 4076 507 4148 animum!
525 4084 582 4168 Et,
599 4083 625 4147 si
643 4104 844 4171 perseveras,
859 4104 985 4166 vereor,
1002 4103 1043 4145 nc
1061 4079 1094 4144 in
1111 4102 1238 4146 omnem
