3168 5048
353 483 407 539 138
585 539 595 560 ὓ
686 484 869 540 contenuit
888 485 1044 540 NEPOTIS

349 609 436 680 blica
461 633 563 704 penes
588 599 709 680 Brutos
733 611 995 696 videreturlesse
1017 623 1050 679 et
1068 612 1240 698 Cassium,
1261 636 1299 680 ac
1319 626 1390 680 tota

243 813 249 823 ἱ
350 731 464 800 civitas
478 757 512 799 se
528 731 570 799 ad
587 745 643 799 eos
659 733 859 800 convertisse
873 731 1057 818 videretur3
1074 730 1120 798 sic
1132 732 1181 799 Μ.
1193 734 1297 800 bruto
1311 755 1391 800 usus

350 865 414 938 est,
430 865 467 920 ut
482 848 576 919 nullo
589 849 645 918 ille
658 848 846 920 adolescens
858 850 976 945 aequali
989 848 1198 937 familiarius,
1210 875 1310 943 quam
1325 851 1392 919 hoc

349 997 443 1060 sene,
463 994 570 1064 neque
589 966 696 1040 solum
717 994 793 1041 eum
813 973 996 1066 principem
1015 970 1143 1040 consilii
1160 969 1314 1055 haberet,
1332 970 1392 1040 sed

351 1093 449 1160 etiam
479 1093 514 1159 in
539 1092 703 1160 convictu.
731 1093 960 1186 Excogitatum
987 1105 1036 1161 est
1061 1117 1080 1160 a
1107 1089 1324 1184 quibusdam,
1352 1105 1393 1159 ut

350 1213 517 1306 privatum
536 1213 689 1280 aerarium
710 1213 848 1281 Cusaris
871 1212 1137 1282 interlectoribus
1159 1212 1200 1280 ab
1224 1211 1392 1306 equitibus

350 1333 496 1399 romanis
525 1332 792 1400 constitueretur.
822 1331 862 1399 Id
890 1329 984 1400 facile
1010 1331 1096 1400 effici
1118 1354 1214 1425 posse
1239 1304 1389 1399 arbitrati

362 1466 443 1539 unt,
460 1453 487 1518 si
506 1464 538 1519 et
553 1452 722 1545 principes
739 1451 828 1520 illius
845 1451 970 1522 ordinis
987 1453 1144 1546 pecunias
1163 1449 1390 1520 contulissent.

350 1575 467 1664 Itaque
483 1569 667 1665 appellatus
685 1586 733 1640 est
751 1597 771 1640 a
789 1574 828 1640 C.
849 1571 981 1659 Flavio,
998 1574 1094 1642 Bruti
1112 1571 1287 1658 familiari,
1306 1571 1393 1640 Atti-

351 1713 429 1777 cus,
457 1704 495 1759 ut
521 1691 592 1784 ejus
618 1692 665 1759 rei
691 1691 844 1785 princeps
870 1715 939 1761 esse
965 1690 1132 1760 voluisset.
1161 1693 1206 1760 At
1230 1689 1307 1777 ille,
1333 1691 1392 1784 qui

352 1809 459 1878 officia
477 1811 591 1905 amicis
610 1811 795 1905 praestanda
813 1813 882 1880 sine
901 1812 1044 1880 factione
1065 1813 1289 1899 existimaret,
1310 1837 1394 1880 sern-

352 1955 476 2024 perque
500 1956 519 1999 a
542 1930 664 2000 talibus
689 1958 723 2000 se
744 1930 889 2002 consiliis
911 1934 1121 2019 removisset,
1141 1931 1339 2025 respondit:
1366 1933 1393 2000 si

352 2051 433 2144 quid
453 2055 577 2120 Brutus
596 2050 638 2120 de
656 2053 723 2120 suis
740 2051 952 2121 facultatibus
965 2053 1021 2148 ¹uti
1038 2051 1215 2138 voluisset,
1233 2077 1391 2140 usurum,

351 2186 513 2264 quantum
532 2197 576 2266 eae
595 2187 807 2265 paterentur3
828 2197 862 2242 se
883 2197 989 2266 neque
1007 2197 1083 2248 cum
1104 2197 1273 2267 quoquam
1292 2171 1333 2240 de
1354 2197 1393 2241 ea

351 2317 387 2360 re
407 2291 670 2379 collocuturum,
691 2319 798 2385 neque
817 2293 994 2361 coiturum.
1017 2293 1071 2362 sic
1091 2293 1147 2362 ille
1166 2294 1393 2362 consensionis

351 2412 469 2507 globus
480 2413 580 2507 hujus
593 2415 692 2482 unius
703 2413 907 2482 dissensione
920 2413 1073 2507 disjectus
1086 2423 1145 2483 est.
1159 2416 1276 2507 Neque
1288 2411 1395 2480 multo

351 2548 428 2628 post
444 2534 595 2628 superior
611 2553 680 2601 esse
696 2536 796 2628 coepit
811 2535 995 2620 Antonius;
1014 2535 1059 2616 ita
1076 2549 1115 2601 ut
1131 2536 1253 2602 Brutus
1266 2547 1298 2601 et
1317 2536 1396 2602 Cas·

278 2683 283 2696 ·
352 2655 438 2740 sius,
463 2654 729 2748 provinciarum,
751 2679 824 2747 quae
847 2655 887 2724 iis
911 2655 999 2722 necis
1025 2677 1123 2722 causa
1148 2653 1232 2722 datae
1253 2667 1350 2722 erant
1377 2677 1397 2720 a

351 2772 558 2861 consulibus,
569 2774 748 2868 desperatis
758 2776 871 2863 rebus,
882 2777 918 2842 in
932 2773 1082 2843 exsilium
1095 2771 1394 2868 proficiscerentur.

260 2947 263 2957 i
291 2878 294 2884 ¹
354 2895 500 2982 Atticus,
517 2896 574 2987 qui
589 2891 879 2989 pecuniam'simul
892 2918 969 2963 eum
985 2897 1100 2963 ceteris
1115 2893 1266 2963 conferre
1282 2892 1398 2961 nolue-

352 3029 406 3082 rat
426 3014 555 3082 lloreuti
578 3011 626 3082 illi
646 3016 753 3108 parti,
775 3015 902 3107 abjecto
922 3018 1046 3101 Bruto,
1065 3014 1226 3107 Italiaque
1245 3013 1396 3101 cedenti,

356 3135 541 3203 sestertium
563 3149 696 3204 centum
716 3134 821 3203 millia
838 3136 969 3203 muneri
988 3136 1093 3220 misit;
1112 3133 1220 3202 eidem
1240 3135 1275 3201 in
1293 3133 1397 3228 Epiro

354 3256 472 3323 absens
490 3269 637 3323 trecenta
651 3258 750 3348 jussit
765 3256 852 3340 dari;
868 3279 976 3348 neque
992 3281 1032 3324 eo
1049 3255 1153 3349 magis
1170 3255 1299 3349 potenti
1315 3253 1399 3322 adu-

354 3373 441 3444 latus
458 3389 507 3444 est
524 3376 685 3463 Antonio,
702 3400 810 3469 neque
828 3375 1016 3470 desperatos
1034 3373 1179 3468 reliquit.

394 3499 462 3564 tx.
491 3500 648 3565 Secutum
670 3511 719 3565 est
738 3493 865 3564 bellum
890 3511 1017 3591 gestum
1042 3495 1131 3589 apud
1151 3496 1329 3564 Mutinam.
1356 3500 1397 3565 In

354 3641 421 3709 quo
439 3616 466 3684 si
483 3630 614 3684 tantum
631 3641 706 3685 eum
726 3615 924 3710 prudentem
942 3614 1070 3702 dicam,
1093 3616 1204 3684 minus
1221 3641 1321 3710 quam
1340 3615 1398 3686 de·

354 3737 468 3820 beam,
498 3737 692 3831 praedieem,
722 3762 826 3830 quum
851 3735 906 3806 ille
928 3738 1039 3830 potius
1065 3735 1198 3804 divinus
1225 3736 1343 3824 fuerit;
1371 3737 1398 3804 si

360 3857 523 3926 divinatio
533 3855 731 3950 appellanda
740 3855 965 3952 est‘perpetua
986 3855 1146 3925 naturalis
1162 3857 1312 3944 bonitas,
1325 3881 1398 3949 quae

360 3977 460 4046 nullis
480 3978 609 4046 casibus
629 4002 735 4070 neque
755 3980 879 4073 agitur,
896 4001 1003 4070 neque
1017 3979 1190 4074 minuitur.
1206 3979 1318 4046 Hostis
1328 3980 1398 4048 An·

359 4099 470 4168 tonius
485 4099 653 4194 judicatus
676 4098 773 4169 Italia
803 4115 960 4187 cesserat;
983 4124 1056 4193 spes
1085 4097 1281 4167 restituendi
1306 4094 1402 4164 nulla
