3114 5032
476 496 645 584 usuras
665 497 818 554 nxcscu
839 497 961 553 unna.
1176 517 1232 574 υς

88 683 91 688 ,
192 617 372 699 ,Macedones
386 619 505 677 honoris
522 641 605 679 causa
623 623 777 678 vocabatur
793 622 830 676 ab
846 621 967 678 amicitia
982 632 1010 677 et
1023 623 1168 680 sodalitate
1183 645 1232 682 re·

201 706 429 779 gia.Ann1artns,
443 731 493 782 vr,
507 712 550 784 18,
559 706 903 788 etpassim,vocatl'ortrov
913 707 1064 787 iretptutlt,
1081 717 1232 790 equitatum

193 799 355 856 amicornm
369 802 406 858 ad
419 805 545 878 corporis
564 806 709 862 custodem
725 806 907 863 delectorum.

241 892 304 948 co.
318 894 372 949 111.
386 896 516 969 Eipartt
528 900 617 954 Asioe.
627 897 663 953 Id
672 909 714 954 est
728 899 878 970 Armeniae,
888 898 991 954 Ciliciae
999 909 1027 956 et
1035 898 1233 972 Cappadocia,

199 1001 260 1038 non
275 996 384 1041 servata
396 987 488 1060 prima
503 987 658 1058 divisione,
674 989 713 1045 ob
728 989 871 1045 turbatum
886 989 1034 1046 discordiis
1051 999 1161 1046 statum.

239 1076 389 1150 Europaeis
402 1079 577 1135 advenerim.
604 1079 753 1153 Antipatro
778 1079 897 1149 seilicet,
921 1081 1051 1151 Cratero,
1073 1081 1187 1136 Pithoni
1205 1090 1234 1140 et

199 1164 324 1236 Aridaeo,
333 1169 493 1226 Alexandri
511 1189 546 1228 ex
564 1171 619 1227 alia
631 1182 720 1227 matre
733 1170 826 1242 lraui,
839 1172 888 1246 qui
903 1183 1000 1247 postea
1012 1171 1158 1246 Philippus
1170 1172 1233 1231 ¹(litt-

199 1269 243 1312 tus
256 1268 306 1316 est.
320 1261 447 1317 Lhrrnrr.
1338 1269 1341 1274 '

237 1352 427 1407 Ptolemaeum.
446 1354 517 1428 Lagi
534 1351 637 1424 lilium,
656 1354 754 1430 quiex
767 1356 895 1430 gregario
908 1356 997 1412 milite
1012 1355 1088 1412 inter
1105 1356 1189 1412 duces
1205 1367 1233 1412 et

197 1461 371 1499 successores
391 1446 543 1502 Alexandri
560 1447 672 1502 habitus
693 1457 748 1516 est,
772 1457 856 1520 atque
878 1448 929 1504 illo
948 1457 1063 1503 mortuo
1080 1447 1232 1520 AEgyptmn

177 1535 356 1607 occupavit.
379 1536 406 1590 A
427 1554 483 1609 quo
508 1548 610 1611 postea
631 1555 729 1593 omnes
751 1538 867 1612 AEgypti
891 1555 972 1612 reges
996 1536 1144 1594 Ptolemaei
1165 1537 1233 1594 dicti

197 1636 269 1680 sunt.
280 1627 421 1683 Connus.
440 1632 512 1683 Ante
529 1628 694 1688 dietierant
712 1628 887 1686 Pbamones.

236 1718 299 1773 en.
313 1721 347 1774 V.
369 1717 523 1775 Castellum
540 1721 684 1796 Phrygia.
702 1723 808 1777 Noram
820 1722 851 1777 in
865 1721 1051 1796 Cappadocia
1068 1739 1101 1777 ac
1112 1721 1232 1796 Lycao-

196 1810 250 1865 niae
263 1808 366 1866 finibus
379 1829 439 1867 esse
453 1811 551 1868 scribit
563 1813 740 1883 Plutarchus;
756 1824 785 1868 at
797 1832 867 1870 vero
876 1813 957 1886 juxta
970 1816 1093 1869 Taurum
1105 1824 1232 1869 montem

197 1903 272 1958 locat
290 1904 408 1973 Strabo,
425 1903 475 1959 lib.
494 1923 558 1974 111,
580 1914 608 1959 et
627 1923 675 1960 sua
700 1915 780 1961 aetate
799 1905 971 1961 Neroassam
996 1904 1132 1979 appellari
1154 1903 1231 1960 dicit.
1247 1940 1248 1948 κ

197 1996 339 2052 Counrrr.
360 1998 384 2052 Δ
404 1991 491 2069 rupis,
506 1995 654 2066 humidus,
672 2015 765 2053 cavus.

237 2088 275 2140 In
283 2087 339 2142 hae
347 2089 529 2144 conclusione.
543 2083 640 2158 Idest,
650 2088 847 2162 quamdiuhoc
856 2087 886 2144 in
899 2087 1013 2144 castello
1027 2089 1172 2142 conclusus
1181 2097 1231 2144 est.
1312 2090 1315 2098 '

238 2179 298 2234 Uno
311 2182 379 2236 loco.
396 2181 459 2236 Hoc
471 2180 576 2237 scilieet
592 2179 693 2236 eodem
714 2181 837 2236 castello.
1301 2167 1302 2172 Ἰ

234 2273 297 2328 co.
316 2273 378 2328 VII.
403 2274 564 2347 Antigenes.
584 2273 730 2328 Praefectus
748 2272 801 2328 fuit
821 2291 884 2329 cum
896 2275 1033 2329 Teutamo
1050 2265 1105 2328 cdv
1124 2269 1231 2354 'Agyll-

194 2362 362 2437 pucrriduv,
379 2384 440 2438 quae
461 2375 521 2420 crat
537 2365 685 2440 phalangis
707 2384 772 2439 pars
794 2366 831 2422 ab
848 2365 987 2439 argenteis
1004 2365 1109 2439 clypeis
1127 2381 1232 2420 nornen

194 2457 294 2513 sortita
315 2478 321 2511 :
340 2457 426 2530 igitur
443 2475 503 2512 non
522 2457 576 2512 toti
594 2457 728 2530 phalangi
747 2457 865 2530 praefuit.
887 2457 1013 2512 Phalanx
1033 2455 1093 2527 ipsa
1115 2455 1181 2511 satis
1198 2473 1232 2510 ex

195 2553 231 2620 Q.
239 2550 336 2604 Curtio
349 2559 427 2605 nota.
441 2551 599 2604 Tzscnucr.
609 2549 653 2603 Ex
660 2547 958 2628 iippvpssffirgentum,
967 2558 995 2604 et
1003 2543 1100 2618 iteris,
1110 2550 1230 2622 clypeus.

233 2643 269 2696 In
279 2641 441 2715 principiis.
456 2643 547 2696 Locus
559 2641 589 2695 in
608 2641 703 2696 castris
716 2644 865 2718 princeps,
879 2640 955 2696 unde
963 2659 1081 2709 nomen,
1091 2639 1140 2694 ubi
1153 2638 1231 2712 posi-

194 2745 253 2786 tum
277 2743 337 2788 erat
360 2732 538 2805 imperatoris
560 2725 785 2803 tabernaculum,
805 2745 833 2789 et
851 2752 909 2806 quo
928 2731 1073 2807 principes
1096 2729 1232 2786 exercitus

193 2825 335 2894 seduces,
348 2825 531 2881 deliberaturi
542 2826 759 2882 conveniebant.

232 2917 295 2971 Cer.
309 2918 387 2972 VIII.
404 2917 522 2973 Culleos.
535 2917 645 2986 Culeos,
661 2937 770 2988 saccos,
785 2919 869 2975 coriis
878 2918 1030 2988 conflatos,
1044 2915 1146 2990 quibus
1159 2932 1231 2988 aqua
1283 2917 1286 2925 ¹

192 3026 244 3082 per
256 3007 362 3064 anidani
376 3008 557 3065 solitudinem
569 3011 782 3068 conveheretur.

231 3102 310 3174 Ignis
323 3103 353 3156 in
365 3103 474 3156 castn's.
489 3103 533 3158 Ne
550 3102 657 3176 ignium
675 3102 786 3158 indiciis
799 3104 968 3177 proderetur
985 3103 1129 3160 adventus.
1148 3102 1231 3176 Ignes

192 3203 347 3248 nocturnos
360 3193 505 3266 intelligit,
523 3195 571 3267 qui
588 3195 618 3249 in
633 3194 729 3249 castris
741 3193 803 3250 fieri
816 3196 952 3251 solebant.

136 3310 138 3316 r
232 3285 295 3340 co.
310 3286 363 3340 IX.
381 3285 478 3340 Pnina
493 3297 578 3340 nocte.
597 3286 688 3340 Prima
707 3286 782 3341 enim
798 3286 894 3361 vigilia
907 3265 1045 3343 eiercitus
1057 3288 1170 3361 vigilat;
1186 3307 1231 3344 se-

194 3377 285 3433 cunda
295 3376 355 3449 jam
372 3395 473 3432 somno
491 3387 585 3446 racat3
602 3388 631 3432 at
648 3377 743 3446 tertia,
766 3378 863 3451 vigiles
875 3379 998 3446 tanturn,
1014 3379 1119 3434 caeteris
1133 3379 1229 3452 quies-

193 3469 333 3540 centibus,
351 3469 417 3543 igne
435 3479 557 3524 utuntur.
583 3471 652 3526 Tres
670 3471 701 3525 in
721 3470 831 3544 vigilias
847 3469 949 3539 Graeci,
968 3470 998 3523 in
1023 3479 1143 3542 ¹quatuor
1161 3488 1230 3525 vero

193 3561 315 3617 Romani
328 3557 440 3618 noctem
455 3561 581 3618 dividere
597 3562 734 3618 solebant.

232 3655 296 3710 css.
305 3656 344 3710 X.
357 3655 471 3713 Invidia
483 3656 591 3708 ducum.
606 3657 746 3723 Peucetae,
765 3653 928 3727 Antigonis,
944 3653 1085 3724 Teutnmi,
1098 3653 1230 3722 Eudami,

192 3746 335 3802 Phaedrini
350 3757 378 3802 et
390 3747 518 3802 aliorum.
532 3747 659 3801 Lanam.

232 3839 374 3906 Seleucus,
393 3837 593 3912 Lysimdchus,
616 3837 793 3894 Ptolemaeus.
816 3839 947 3896 Seleucus
968 3839 1082 3894 tenebat
1103 3838 1228 3912 Babylo·
1297 3905 1301 3914 ὁ

194 3931 284 4000 ulain,
297 3927 476 4004 Lysimachus
492 3929 654 3997 Thraciam,
666 3929 831 3984 Ptolemaeus
842 3931 1008 4006 AEgypturn‚
1021 3940 1052 3984 ut
1064 3928 1147 3985 docet
1159 3930 1230 3986 Dio-

188 4023 295 4091 dorus,
312 4039 408 4088 xv111,
428 4021 445 4075 3
464 4030 492 4076 et
511 4020 557 4094 39.
573 4022 730 4076 Tzscnocx.

186 4109 189 4116 “
233 4113 296 4168 Car.
314 4113 364 4168 XI.
384 4110 540 4180 Praefectus
556 4113 695 4168 custodum
713 4113 867 4186 quoesisset.
886 4111 997 4170 Scilicet
1018 4114 1055 4168 ab
1074 4107 1227 4184 Antigono.
