3114 5032
537 483 853 544 OBSERVATIONES.
1158 503 1213 558 ²⁰9

180 611 324 668 aiensibus
341 609 581 679 distributionem,
595 609 645 664 sed
658 629 693 665 ex
710 610 828 682 pecunia
841 611 955 688 classem
969 612 1146 666 ducentarum
1161 631 1214 668 na-

180 704 257 758 vium
273 703 310 758 ad
321 702 505 778 AEgineticam
518 701 625 756 bellum
636 719 799 774 comparare
815 701 908 756 suasit.
931 703 993 756 Hoc
1010 703 1085 757 enim
1106 703 1213 758 bellum

180 795 292 850 Graeciae
305 795 420 849 salutem
433 793 540 863 attulit,
549 810 653 866 cogens
661 793 769 848 Atticos
784 792 910 848 nauticos
922 790 993 850 fieri.
1005 816 1018 841 a
1032 793 1214 852 Occasionem

180 886 249 942 belli
265 885 401 960 aeginetici
421 885 518 958 prodit
532 885 707 954 Herodotus,
727 885 745 939 l.
759 903 794 954 v,
810 903 837 957 p.
856 883 928 955 361,
946 896 975 939 et
990 897 1086 958 aperta
1098 905 1143 942 res
1158 899 1214 959 est,

91 1035 113 1051 f
181 979 278 1034 cadere
296 997 329 1033 ea
344 979 375 1032 in
388 978 493 1033 bellum
514 976 702 1050 aegineticum,
719 994 779 1048 qrrae
801 975 963 1046 Cornelius,
980 975 1073 1035 minus
1090 989 1214 1034 accurate

59 1116 61 1124 ,
179 1069 323 1126 historiam
343 1069 456 1125 Graeciae
480 1069 624 1141 antiquam
645 1078 759 1137 tenens,
777 1068 818 1150 de
830 1068 975 1142 Corcyraeo
993 1067 1073 1124 dixit.
1087 1072 1137 1139 At,
1152 1089 1213 1126 res-

178 1161 317 1233 pondebit
325 1161 439 1234 aliquis,
449 1160 566 1216 fortasse
580 1160 680 1229 edam,
692 1160 805 1216 vivente
818 1160 1020 1230 Themistocle,
1033 1180 1096 1216 cum
1111 1162 1214 1238 Corcy—

164 1243 238 1308 'raeis
251 1253 359 1308 bellum
366 1235 510 1326 gesseram
519 1251 719 1307 Athenienses?
732 1252 810 1324 quod
822 1252 941 1307 nescivit
952 1252 1127 1322 Herodotus,
1138 1254 1216 1326 cujus

176 1361 246 1398 vero
257 1343 424 1399 memoriam
437 1345 544 1418 Nepos,
554 1343 615 1398 aliis
628 1343 712 1399 bonis
725 1344 886 1398 auctoribus
895 1363 972 1412 usus,
985 1346 1169 1401 conservavit.
1181 1347 1215 1400 Id

177 1434 296 1490 omnino
309 1453 370 1490 non
382 1435 539 1508 probabile.
554 1435 736 1491 Athenienses
749 1435 780 1490 in
794 1455 829 1491 eo
843 1436 954 1491 demum
969 1436 1123 1506 decennio,
1137 1438 1215 1510 quod

177 1545 193 1582 a
213 1545 308 1601 pugna
324 1527 503 1582 Marathonia
520 1527 557 1582 ad
572 1527 752 1583 Salaminiam
766 1525 888 1598 effluxit,
905 1546 1020 1602 operam
1036 1529 1103 1584 dare
1119 1548 1215 1603 coepe-

176 1629 243 1672 runt
261 1619 303 1674 rei
321 1618 428 1688 navali3
446 1619 623 1674 occasionem
638 1603 757 1692 praebuit
779 1619 885 1674 bellum
903 1620 1087 1694 aegineticum.
1101 1623 1215 1678 Nullum

176 1709 316 1785 reperitrn
336 1710 498 1784 vestigium,
516 1711 572 1765 hoc
593 1710 656 1784 ipso
680 1710 818 1768 decennio
844 1711 1030 1768 Athenienses
1052 1712 1090 1768 ad
1109 1723 1215 1770 tantam

176 1803 337 1875 pervenisse
350 1802 520 1876 potentiam,
532 1813 563 1856 ut
575 1795 734 1876 Cor‘cyrmos
752 1804 940 1872 debellarent,
953 1814 1015 1858 toto
1028 1804 1087 1860 fere
1101 1805 1214 1860 Graeciae

177 1894 284 1948 ambitu
301 1895 338 1949 ab
354 1893 422 1966 ipsis
441 1894 575 1960 distantes
591 1894 687 1966 etjam
709 1894 815 1950 dudum
828 1895 899 1950 mari
913 1906 1050 1968 potentes.
1065 1894 1214 1971 Efflagita-

176 1996 242 2040 mnt
250 1986 436 2042 Athenienses
445 1986 497 2042 hac
506 1987 566 2060 ipsa
573 1996 675 2042 aetates
684 1985 835 2060 Corcyraeis
849 1987 995 2057 auxilium,
1008 2007 1095 2061 quum
1104 1991 1215 2046 Xerxes

176 2077 324 2133 transitum
339 2079 369 2134 in
385 2078 522 2135 Graeciam
535 2087 743 2152 pararet,¹teste
755 2078 919 2148 Herodoto,
935 2097 994 2147 vu,
1009 2096 1037 2151 p.
1055 2079 1121 2154 489.
1135 2081 1214 2138 Con-

175 2169 240 2225 fessi
260 2181 324 2226 sunt
342 2181 408 2244 post
425 2171 457 2227 id
469 2181 578 2244 tempus
596 2170 750 2244 Corcyraei,
763 2189 848 2244 quum
864 2169 895 2224 in
910 2170 987 2226 bello
1005 2171 1138 2228 adversus
1156 2173 1214 2230 Co-

176 2259 296 2317 rinthios
309 2273 439 2338 suscepto
451 2281 536 2337 opem
548 2272 677 2336 peterent
689 2262 727 2318 ab
739 2261 971 2331 Atheniensibus,
984 2280 1013 2317 se
1026 2261 1060 2318 iis
1074 2262 1216 2337 hucusque

175 2371 229 2409 nec
241 2354 334 2410 socios
349 2354 433 2410 fidsse
444 2373 497 2410 nec
512 2354 654 2423 inimicos,
667 2354 698 2408 in
711 2354 839 2410 oratione
855 2371 916 2427 quae
928 2353 1031 2426 legitur
1043 2354 1120 2427 apud
1132 2355 1214 2411 Thu-

177 2423 319 2520 cydidem,
338 2448 357 2500 l.
375 2465 401 2516 r,
419 2464 442 2501 c.
464 2445 510 2502 32.
527 2445 632 2501 Asserit
649 2444 771 2519 denique
791 2445 983 2519 Thucydides,
995 2443 1213 2502 Themistoclem

177 2538 314 2608 exsulem,
329 2557 362 2594 ea
378 2537 556 2612 potissimum
573 2556 607 2594 ex
627 2556 709 2594 cansa
723 2537 882 2610 confugisse
899 2537 936 2594 ad
950 2537 1124 2612 Corcyraeos,
1137 2539 1215 2612 quod

175 2629 249 2685 bene
260 2625 407 2704 quondam
420 2630 456 2684 de
469 2628 509 2684 eis
521 2629 669 2699 meruerit,
682 2631 700 2684 l.
715 2648 743 2698 1,
755 2648 779 2684 c.
797 2627 861 2684 136.
876 2630 974 2702 Itaque
989 2645 1049 2684 non
1053 2627 1146 2703 fregit
1157 2648 1213 2685 eos.

214 2722 262 2777 Ad
277 2721 407 2777 eumdem
423 2720 617 2795 Thucydidem
634 2730 771 2793 provocat
785 2719 846 2792 ipse
862 2718 1009 2774 Cornelius
1023 2719 1055 2774 in
1065 2719 1124 2774 vita
1136 2721 1215 2776 The-

174 2814 324 2884 mistoclis,
337 2833 399 2887 cap.
412 2830 461 2886 113
473 2824 584 2882 tamen,
600 2830 660 2885 cap.
673 2813 849 2885 y111‚'longe
862 2810 899 2866 ab
912 2809 970 2884 ejus
981 2811 1144 2867 narratione
1158 2812 1215 2867 dis·

175 2908 259 2978 cedit,
273 2911 288 2976 s
304 2905 320 2961 3
336 2927 342 2961 :
361 2931 373 2957 «
386 2907 428 2971 Ad
444 2905 607 2976 Admetum,
621 2906 812 2960 Molossorum
825 2919 933 2978 regem,
952 2922 1015 2960 cum
1028 2922 1085 2978 quo
1100 2903 1127 2958 ei
1144 2904 1214 2960 hos-

173 3000 391 3078 pitium'fuerat,
404 2998 539 3074 confugit.
552 3001 610 3054 »At
623 2997 819 3072 Thucydides,
836 2983 901 3051 loco
915 3014 1006 3069 nuper
1021 2996 1120 3067 citato,
1139 3015 1215 3052 asse-

173 3093 227 3161 rit,
245 3091 396 3161 Admetum
413 3109 473 3146 non
488 3090 572 3146 firisse
590 3086 776 3144 Themistocli
793 3087 925 3157 amicum;
941 3087 1039 3161 idque,
1058 3089 1137 3164 quod
1154 3089 1214 3162 ipsa

173 3203 219 3240 res
237 3183 332 3252 docet,
347 3183 437 3238 multo
448 3181 634 3255 probabilius.
649 3180 679 3236 Si
692 3180 769 3235 enim
782 3179 844 3252 jure
856 3178 972 3252 hospitii
988 3198 1051 3234 cum
1066 3199 1101 3236 eo
1120 3169 1215 3237 humet

131 3291 138 3304 ¹
173 3276 355 3352 conjunctus,
374 3292 434 3330 non
450 3283 525 3329 certe
533 3274 632 3346 filiam
649 3271 763 3327 Admeti
779 3272 925 3344 parvulam
945 3271 1120 3345 arripuisset,
1138 3282 1167 3327 et
1185 3291 1214 3328 se

173 3388 237 3424 cum
254 3387 287 3425 ea
304 3368 335 3423 in
354 3363 520 3434 sacrarium,
539 3366 616 3439 qnod
636 3383 744 3422 summa
761 3363 907 3420 colebatur
925 3362 1100 3433 caerimonia,
1113 3364 1216 3444 conjeff

119 3521 122 3526 ,
173 3461 262 3517 cisset.
273 3460 320 3515 Ait
334 3451 433 3514 contra
446 3476 478 3512 ea
487 3457 678 3532 Thucydides,
692 3455 813 3512 consilio
827 3453 923 3510 uxoris
932 3454 1058 3525 Admeti,
1071 3465 1213 3528 arreptum
1252 3465 1254 3472 '

173 3553 255 3610 fuisse
269 3571 285 3608 a
297 3551 486 3607 Themistocle
499 3547 588 3604 filium
602 3548 675 3621 ejus,
689 3548 874 3624 ernndemque
889 3547 1043 3620 supplicem
1056 3546 1169 3621 petiisse
1186 3558 1214 3602 et

172 3644 335 3718 impetrasse
349 3644 385 3699 ab
397 3642 519 3699 Admeto
533 3639 658 3715 pristinae
672 3639 838 3696 offensionis
851 3638 971 3694 veniam.

211 3737 262 3807 VI,
289 3734 366 3791 Dicit
388 3733 549 3802 Cornelius,
568 3731 726 3788 interfuisse
745 3732 900 3787 Anbtidem
920 3747 1021 3804 pugnae
1040 3730 1213 3798 Salaminiae,

171 3829 256 3886 fnisse
269 3827 354 3884 etiam
366 3837 517 3900 praetorem
528 3823 745 3881 Atheniensium
758 3824 835 3897 apud
847 3825 974 3909 Plataeas,
987 3839 1121 3896 pergens,
1134 3841 1157 3878 c.
1172 3840 1213 3890 11,

173 3939 190 3976 a
205 3941 212 3976 ι
228 3922 327 3995 Neque
342 3920 424 3974 aliud
434 3929 478 3973 est
490 3921 579 3973 ullum
593 3917 675 3989 hujus
690 3916 721 3971 in
741 3935 771 3972 re
788 3915 904 3972 militari
917 3916 1025 3972 illustre
1042 3915 1155 3972 factum.

209 4015 315 4069 Notatu
331 4010 495 4085 dignissima
512 4021 592 4079 sunt,
612 4028 673 4082 quae
695 4007 1013 4080 Herodotusmemoriae
1030 4005 1158 4078 prodidit
1175 4007 1212 4062 de

172 4106 255 4162 rebus
264 4107 301 4162 ab
310 4105 446 4173 Aristide,
455 4114 484 4159 et
492 4102 567 4176 apud
576 4101 732 4170 Salamina,
746 4111 774 4155 et
786 4101 861 4175 apud
874 4102 989 4156 Plataeas
1001 4099 1101 4172 gestis,
1113 4101 1132 4156 l.
1141 4114 1210 4171 vtrr,

1027 4196 1067 4272 m
