3168 5048
348 492 401 550 104
555 447 563 454 ’
688 483 861 540 connum
880 483 1034 544 unroms

252 627 254 634 '
346 614 412 698 tire,
431 626 469 679 ut
486 613 533 679 sic
547 610 736 680 deuteretur
752 613 841 680 victo
859 637 867 678 τ
885 613 965 704 quin
982 626 1040 681 aut
1054 611 1208 698 interfici,
1225 615 1283 679 aut
1300 611 1378 679 mis·
1438 649 1441 656 ,

345 756 419 800 sum
438 731 509 799 fieri
525 731 665 824 juberet.
687 732 750 798 Hic
767 756 871 823 quum
888 730 1027 800 ferocius
1050 729 1261 800 Onomarcho
1282 727 1378 823 loqui

345 850 537 919 videretur:
564 849 703 938 «Quidt
727 865 779 938 tu,
801 852 922 942 inquit,
943 853 1052 921 animo
1074 851 1101 919 si
1123 850 1186 918 isto
1206 874 1292 936 eras,
1315 873 1379 916 cur

346 996 412 1039 non
433 972 467 1040 in
490 969 603 1065 proelio
623 970 766 1038 cecidisti
786 971 910 1062 potius,
929 994 1028 1062 quam
1049 971 1084 1038 in
1104 982 1298 1063 potestatem
1318 968 1381 1034 ini·

309 1095 312 1102 '
346 1091 420 1158 mici
438 1089 590 1160 venires?
604 1119 621 1154 »
641 1091 728 1156 Huic
746 1093 907 1158 Eumenes
925 1114 933 1156 :
954 1091 1121 1157 «Utinam
1138 1087 1270 1180 quidem
1288 1087 1381 1154 istud

345 1206 526 1278 evenisset!
554 1209 676 1300 inquit;
703 1207 759 1277 scd
786 1233 825 1276 eo
848 1232 915 1275 non
940 1208 1072 1294 accidit,
1095 1205 1184 1298 quod
1206 1229 1382 1297 nunquam

346 1351 423 1396 cum
444 1327 579 1395 fortiore
597 1351 670 1394 sum
692 1351 894 1421 congressus.
917 1328 993 1395 Non
1012 1326 1099 1394 enim
1118 1351 1194 1393 cum
1212 1349 1383 1418 quoquam

347 1469 439 1514 arma
455 1444 595 1532 contuli,
617 1447 697 1539 quin
714 1447 741 1514 is
761 1447 842 1514 mihi
860 1446 1070 1514 succubuerit
1089 1469 1097 1512 :
1117 1469 1184 1511 non
1206 1444 1293 1510 enim
1315 1444 1383 1510 vir-'

350 1578 419 1632 tute
436 1564 596 1652 hostiurn,
614 1564 670 1632 sed
692 1567 873 1633 amicorum
893 1563 1030 1657 perfidia
1052 1562 1197 1631 decidi.»
1214 1564 1329 1654 Neque
1347 1561 1384 1628 id

348 1681 467 1751 falsum
484 1709 492 1751 τ
510 1708 587 1751 nam
604 1698 637 1751 et
654 1683 812 1776 dignitate
829 1683 892 1750 tuit
909 1683 1060 1769 honesta,
1079 1697 1112 1750 et
1129 1681 1254 1749 viribus
1272 1679 1314 1748 ad
1333 1678 1384 1747 la-

349 1802 463 1870 borem
476 1801 646 1870 ferendum
657 1801 776 1890 firmis,
787 1826 892 1894 neque
904 1816 972 1869 tam
983 1826 1104 1895 magno
1118 1825 1271 1894 corpore,
1281 1787 1383 1893 quam

351 1921 458 2014 figura
475 1925 620 1990 venusta.

398 2043 473 2109 XII.
499 2043 551 2108 De
570 2040 634 2108 hoc
654 2043 838 2136 Antigonus
860 2067 964 2134 quum
981 2038 1071 2108 solus
1092 2041 1290 2108 constituere
1313 2064 1384 2108 non

352 2156 500 2245 auderet,
524 2158 566 2226 ad
588 2158 762 2228 concilium
784 2158 906 2229 retulit.
928 2161 1005 2247 Hic,
1027 2184 1130 2252 quum
1148 2156 1295 2252 plerique
1313 2183 1386 2226 om·
1487 2233 1490 2238 ,

352 2299 409 2344 nes
422 2277 529 2369 primo
543 2277 726 2370 perturbati
739 2278 995 2367 admirarentur,
1009 2304 1076 2346 non
1087 2277 1156 2369 jam
1168 2277 1208 2345 de
1222 2285 1261 2346 eo
1275 2303 1386 2371 sump-

352 2408 423 2462 tum
442 2419 510 2462 esse
531 2394 743 2490 supplicium,
761 2421 864 2489 aquo
884 2411 934 2465 tot
950 2422 1054 2465 annos
1074 2396 1155 2464 adeo
1174 2411 1281 2464 essent
1299 2394 1386 2463 male

353 2514 470 2601 habiti,
492 2528 531 2582 ut
554 2537 637 2607 saepe
662 2514 704 2582 ad
723 2514 981 2610 desperationem
1008 2515 1116 2583 forent
1138 2514 1288 2603 adducti,
1311 2516 1385 2607 qui-

353 2657 417 2724 que
432 2635 589 2701 maximos
606 2632 705 2702 duces
721 2634 946 2721 interfecisset3
965 2633 1104 2726 denique
1123 2637 1156 2702 in
1173 2659 1240 2727 quo
1254 2659 1322 2701 uno
1337 2659 1386 2702 es·

354 2766 402 2822 set
421 2765 568 2840 tantum,
584 2768 638 2840 ut,
659 2753 768 2845 quoad
790 2753 844 2821 ille
863 2756 1001 2840 viveret,
1019 2755 1082 2848 ipsi
1101 2755 1206 2822 securi
1227 2778 1295 2848 esse
1316 2778 1385 2821 non

302 2929 304 2936 .
354 2885 502 2963 possent,
520 2871 689 2946 interfecto
708 2870 790 2939 nihil
807 2871 952 2939 habituri
971 2874 1094 2965 negotii
1113 2889 1235 2960 essent3
1256 2889 1385 2967 postre-

355 3012 425 3075 mo,
446 2989 472 3056 si
496 2986 543 3056 illi
563 2988 712 3056 redderet
733 2988 884 3078 salutem,
907 2992 1110 3082 quaerebant,
1132 2993 1251 3084 quibus
1272 2994 1385 3062 amicis

355 3114 439 3174 esset
457 3132 595 3194 usurus3
613 3131 681 3175 sese
697 3109 783 3177 euim
800 3133 875 3176 cum
891 3113 1037 3177 Eumene
1055 3109 1144 3204 apud
1159 3136 1235 3179 eum
1253 3137 1319 3179 non
1335 3111 1386 3179 su-

356 3239 457 3294 tnros.
477 3207 554 3314 Hic,
575 3228 705 3320 cognita
725 3225 854 3295 concilii
874 3225 1059 3315 voluntate,
1084 3243 1193 3297 tamen
1218 3256 1321 3324 usque
1342 3230 1385 3298 ad

356 3346 531 3438 septimum
553 3345 646 3414 diem*
660 3345 861 3432 deliberandi
882 3346 942 3413 sibi
968 3349 1110 3440 spatium
1132 3348 1272 3442 reliquit.
1299 3355 1384 3419 Tum

357 3479 484 3552 autem,
508 3490 611 3558 quum
635 3466 703 3557 jam
730 3479 897 3534 vereretur
921 3490 962 3532 ne
987 3491 1052 3558 qua
1082 3467 1196 3536 seditio
1223 3471 1384 3538 exercitus

357 3583 513 3670 oriretur,
531 3585 633 3653 vetuit
649 3584 691 3651 ad
708 3609 783 3651 eum
800 3608 998 3676 quemquam
1014 3584 1157 3674 admitti,
1174 3602 1207 3654 et
1224 3589 1385 3680 quotidia-

358 3727 439 3779 num
457 3703 582 3771 victum
599 3703 743 3771 amoveri
759 3702 865 3794 jussit.
884 3705 970 3774 Nam
987 3704 1141 3797 negabat,
1157 3731 1190 3774 se
1207 3708 1236 3774 ei
1252 3709 1319 3776 vim
1339 3708 1385 3778 al·

356 3818 516 3908 laturum,
538 3823 595 3916 qui
617 3819 792 3913 aliquando
814 3821 927 3890 fuisset
946 3824 1079 3892 amicus.
1103 3826 1165 3893 Hic
1185 3805 1383 3896 tamennon

357 3939 513 4034 amplius,
525 3965 625 4034 quam
638 3939 800 4027 triduum,
814 3940 898 4008 fame
909 3940 1078 4034 fatigatus,
1091 3969 1194 4036 quum
1204 3961 1309 4014 castra
1317 3973 1384 4015 mo-

358 4074 526 4147 verentur,
542 4060 697 4127 insciente
710 4060 891 4151 Antigono,
904 4058 1073 4154 jugulatus
1088 4077 1134 4131 est
1149 4088 1169 4131 a
1182 4065 1382 4134 custodibus.
