3198 5174
343 427 380 484 δα
576 425 751 483 CORNELII
770 427 927 482 NEPOTIS
948 423 1139 484 cucumis.

390 551 449 620 IV.
477 549 637 618 Chabrias
659 564 768 618 autem
789 551 888 645 periit
907 548 994 619 hello
1019 546 1144 636 sociali,
1166 547 1223 616 tali
1250 551 1380 621 modo:
1467 623 1469 628 ,

343 668 581 764 oppugnabant
599 668 809 746 Athenienses
824 671 961 759 Chium;
976 685 1045 738 erat
1059 671 1093 739 in
1107 668 1209 739 classe
1222 670 1382 742 Chabrias

342 790 508 885 privatus,
523 769 581 856 'sed
595 811 708 856 omnes
723 790 781 880 qui
798 790 832 856 in
851 792 1044 883 magistratu
1059 805 1168 878 erant,
1186 791 1382 859 auctoritate

299 979 302 986 Δ
343 910 506 995 anteibat3
535 933 677 1002 eumque
702 911 805 1004 magis
829 907 966 998 milites,
993 934 1093 1003 quam
1121 912 1178 1002 qui
1201 926 1381 1005 praeerant,

343 1028 578 1124 adspiciebant.
598 1031 683 1118 Quae
701 1055 752 1098 res
771 1031 801 1098 ei
820 1031 997 1097 maturavit
1015 1045 1155 1099 mortem
1176 1057 1185 1099 ε
1203 1057 1280 1099 nam
1301 1031 1381 1101 dum

342 1150 470 1243 primus
495 1147 605 1216 studet
630 1163 765 1243 portum
790 1150 928 1236 intrare,
955 1164 988 1217 et
1012 1151 1266 1243 gubernatorem
1286 1151 1381 1244 jubet

343 1291 382 1335 co
401 1266 541 1360 dirigere
563 1291 695 1356 navem,
716 1269 785 1362 ipse
806 1268 867 1336 sibi
889 1269 1045 1362 perniciei
1067 1267 1141 1336 fuit.
1160 1272 1274 1358 Quum
1294 1272 1380 1339 enim

343 1411 382 1454 eo
402 1401 618 1478 penetrasset,
642 1402 756 1454 ceterae
777 1411 845 1454 non
865 1402 944 1455 sunt
965 1401 1093 1456 secutae.
1114 1389 1193 1476 Quo
1211 1388 1298 1457 facto
1318 1391 1381 1457 cio-

343 1503 514 1573 cumfusus
528 1502 674 1573 hostium
692 1530 871 1593 concursu,
890 1530 992 1598 quum
1010 1506 1184 1574 fortissime
1201 1523 1380 1601 pugnaret,

344 1624 452 1710 navis,
468 1638 575 1692 rostro
587 1648 756 1718 percussa,
775 1627 874 1719 coepit
885 1624 990 1724 sidere
1005 1650 1012 1691 :
1025 1625 1103 1692 hinc
1116 1625 1265 1719 refugere
1277 1652 1381 1719 quum

345 1758 470 1838 posset,
496 1745 523 1811 si
550 1769 584 1812 se
611 1746 645 1814 in
670 1769 760 1812 mare
786 1745 970 1836 dejecisset,
1000 1744 1090 1838 quod
1114 1744 1246 1813 suberat
1271 1744 1381 1815 classis

345 1862 614 1949 Atheniensium,
641 1887 714 1955 quae
742 1865 905 1957 exciperet
929 1865 1088 1946 natantis;
1114 1864 1221 1957 perire
1247 1862 1381 1953 maluit,

345 2005 446 2074 quam
470 1982 568 2048 armis
594 1981 728 2073 abjectis
755 2007 871 2052 navem
898 1980 1100 2075 relinquere,
1126 1984 1161 2049 in
1185 2007 1251 2074 qua
1274 1982 1382 2082 fuerat

345 2115 470 2169 vectus.
491 2099 531 2167 Id
548 2102 647 2169 ceteri
668 2100 774 2169 facere
792 2099 988 2190 noluerunt,
1008 2103 1065 2194 qni
1084 2100 1194 2170 nando
1216 2104 1250 2169 in
1271 2117 1381 2172 tutum
1401 2161 1405 2166 .

346 2235 583 2315 pervenerunt3
608 2235 642 2290 at
665 2217 729 2305 ille,
741 2235 895 2314 praestare
917 2221 1089 2288 honestam
1110 2235 1251 2320 mortem
1274 2222 1384 2293 existi·

346 2364 439 2412 mans
461 2341 552 2434 turpi
573 2341 663 2428 vitae,
683 2341 836 2408 cominus
848 2365 1000 2436 pugnans
1021 2339 1094 2408 telis
1114 2337 1260 2409 hostium
1280 2340 1383 2410 inter·

347 2461 451 2530 fectus
467 2473 525 2528 est.
