3198 5174
514 1289 942 1394 MILTIADES.

653 1681 805 1700 *a*

220 1923 461 2065 Mrnrmnns,
483 1980 630 2052 Cimonis
651 1977 752 2064 filius,
774 1979 997 2067 Atheniensis,
1018 2005 1121 2072 quum
1139 1994 1173 2046 et
1192 2005 1249 2046 an-

220 2097 373 2188 tiquitate
399 2097 542 2192 generis,
562 2111 596 2166 et
621 2096 725 2192 gloria
749 2099 927 2191 majorum,
948 2114 981 2167 et
1008 2124 1065 2169 sua
1091 2098 1250 2168 modestia

220 2240 306 2284 unus
324 2220 475 2285 omnium
501 2219 642 2285 maxime
669 2217 818 2300 floreret3
842 2242 944 2311 eaque
969 2234 1054 2287 esset
1077 2233 1188 2305 aetate,
1214 2235 1251 2286 ut

224 2361 290 2403 non
306 2338 375 2428 jam
396 2333 502 2403 solum
519 2336 560 2403 de
577 2362 616 2404 eo
636 2336 719 2405 bene
736 2361 882 2429 sperare,
897 2336 954 2405 sed
970 2338 1071 2406 etiam
1087 2336 1252 2406 confidere

224 2457 311 2522 cives
327 2469 462 2547 possent
478 2442 546 2540 sui,
563 2453 664 2522 talem
682 2455 847 2543 futurum,
866 2454 997 2549 qualem
1017 2459 1185 2550 cognitum
1201 2458 1253 2548 ju-

224 2573 393 2658 dicaruut;
409 2573 552 2668 accidit,
572 2588 610 2640 ut
628 2575 843 2676 Athenienses
859 2575 1101 2644 Chersonesum
1118 2574 1252 2667 colonos

224 2691 348 2761 vellent
367 2695 508 2761 mittere·
535 2684 638 2786 Cujus
663 2696 791 2786 generis
808 2717 911 2785 quum
933 2718 1072 2787 magnus
1096 2718 1253 2762 numerus

225 2826 324 2894 esset,
345 2827 379 2880 et
399 2811 495 2880 multi
518 2813 587 2904 ejus
609 2811 856 2905 demigrationis
875 2826 1025 2905 peterent
1041 2814 1254 2898 societatem3

226 2956 265 2998 ex
280 2932 331 2999 his
348 2932 466 3001 delecti
481 2930 630 3024 Delphos
650 2930 865 2999 deliberatum
887 2933 978 3006 missi
998 2945 1089 3017 sunt,
1104 2932 1161 3022 qui
1179 2956 1256 3031 cou-

227 3049 372 3118 solerent
396 3049 599 3143 Apollinem,
628 3075 694 3142 quo
720 3051 929 3143 potissimum
954 3049 1037 3118 duce
1064 3065 1254 3122 uterentur:

227 3193 304 3236 nam
317 3184 389 3236 tum
398 3168 541 3236 Thraces
556 3193 610 3236 eas
625 3171 774 3263 regiones
792 3169 960 3256 tenebant,
974 3193 1051 3237 cum
1070 3170 1190 3261 quihus
1206 3195 1258 3238 ar·

228 3290 290 3355 mis
305 3301 374 3355 erat
388 3287 624 3356 dimicandum.
642 3289 700 3356 His
713 3285 974 3375 consulentibus,
989 3289 1184 3356 nominatim
1196 3292 1258 3381 Py·

228 3407 298 3475 thia
313 3408 486 3499 praecepit,
503 3420 541 3474 ut
556 3404 741 3474 Miltiadem
759 3406 821 3473 sibi
838 3407 1069 3499 imperatorem
1080 3420 1257 3476 sumerent:

119 3523 121 3528 ’
229 3525 263 3592 id
287 3527 314 3594 si
343 3525 506 3611 fecissent,
535 3525 667 3617 incepta
694 3547 851 3617 prospera
879 3523 1002 3593 futura.
1031 3527 1104 3594 Hoc
1132 3522 1258 3593 oraculi

229 3667 400 3737 responso,
417 3642 597 3730 Miltiades,
620 3667 695 3710 cum
717 3641 844 3710 delecta
869 3668 969 3711 manu
995 3642 1096 3711 classe
1118 3643 1259 3712 Cherso-

230 3788 346 3831 nesum
360 3761 543 3856 profectus,
561 3786 664 3854 quum
686 3764 873 3831 accessisset
888 3765 1067 3849 Lemnum,
1083 3777 1118 3830 et
1136 3760 1260 3832 incolas

230 3883 300 3976 ejus
323 3880 437 3950 insulae
466 3880 526 3948 sub
555 3895 751 3973 potestatem
783 3881 931 3975 redigere
958 3879 1058 3949 vellet
1083 3882 1262 3951 Athenien-

231 4003 330 4088 sium,
360 3999 459 4090 idque
484 4000 613 4069 lemnii
635 4025 693 4068 sua
714 4014 831 4093 sponte
856 4000 1018 4085 facerent,
1047 4001 1259 4094 postulasset;

231 4121 277 4189 illi
295 4117 470 4188 irridentes
496 4118 752 4210 responderunt,
773 4134 844 4187 tum
863 4119 898 4186 id
922 4145 954 4188 se
978 4119 1139 4204 facturos,
1159 4141 1257 4210 qutun

232 4239 304 4324 ille,
321 4239 421 4306 domo
433 4236 573 4305 navibus
593 4236 815 4329 proficiscens,
834 4254 933 4306 vento
953 4236 1106 4329 aquilone
1121 4237 1258 4306 venisset
1315 4228 1317 4236 ¹

1075 4380 1101 4422 1.
