3114 5032
517 461 830 518 onssnvlrrouss.
900 463 905 468 ·
1134 483 1190 536 20,

156 585 259 658 scripta
274 605 290 640 a
305 605 350 642 me
367 587 502 661 superius.
516 587 677 660 Cogitemus
700 585 799 653 edam,
816 587 976 641 Graecomm
998 588 1102 660 libros,
1120 607 1193 662 pras-

156 677 252 732 sertim
271 677 457 750 antiquiores,
479 697 598 752 quorum
614 677 787 749 exemplaria
810 676 914 732 sensim
938 674 1195 753 multiplicabantur

157 788 209 842 per
226 768 358 825 librarios
371 771 501 826 mercede
514 771 686 838 conductos,
704 786 764 823 non
777 767 869 823 ubivis
882 769 967 825 tuisse
980 771 1080 828 obvios
1093 774 1123 828 in
1135 774 1195 829 Ita-

157 861 211 929 lia,
225 859 349 914 Cornelii
364 860 485 932 maxime
506 873 601 930 aetate,
617 880 671 935 qua
691 879 752 915 non
768 860 808 916 ita
823 861 929 916 dudum
942 860 1061 936 flagrare
1073 866 1196 922 Romani

159 961 302 1025 coeperant
319 953 472 1026 cupiditate
491 971 593 1028 graecas
613 953 718 1008 litteras
731 951 903 1009 addiscendi.
917 953 1019 1009 Dicere
1030 956 1089 1010 haec
1102 957 1196 1013 omnia

113 1082 116 1088 ·
160 1063 205 1099 me
217 1054 287 1116 puto
304 1045 455 1100 excusandi
471 1045 565 1119 potius
578 1044 703 1100 Cornelii
721 1043 825 1117 gratia,
844 1063 927 1117 quarn
947 1047 1101 1102 incusandi.
1120 1047 1197 1102 Hau-

160 1136 226 1190 sisse
240 1134 352 1190 videtur
365 1155 413 1192 sua
434 1138 530 1193 omnia
546 1137 576 1192 in
593 1137 658 1192 vitis
675 1135 826 1204 Miltiadis,
843 1137 1055 1206 Themistoclis,
1073 1135 1199 1198 Aristidis

161 1238 188 1282 et
199 1227 353 1297 Pausaniae,
366 1228 397 1283 in
407 1230 509 1302 quibus
521 1229 670 1286 Herodoto
678 1228 719 1284 uti
734 1227 910 1301 potuisset,e
923 1230 1106 1303 scriptoribus
1114 1231 1200 1286 nobis

161 1317 328 1392 incognitis,
342 1320 447 1390 sed,'ut
463 1321 562 1390 credo,
575 1331 654 1376 atate
667 1339 744 1393 aeque
757 1316 858 1376 aclide
871 1321 1028 1378 minoribus
1041 1323 1199 1380 Herodoto.

161 1409 207 1479 Si,
225 1411 305 1483 gravi
320 1411 375 1467 hoc
393 1423 505 1468 auctore
520 1415 610 1482 lecto,
628 1412 717 1468 sciens
735 1413 824 1467 abeo
845 1412 1032 1484 disseminet,
1049 1415 1126 1470 haud
1145 1417 1199 1470 mi·

162 1520 215 1555 nus
228 1500 378 1558 indicasset
393 1503 565 1573 dissensum,
583 1523 615 1560 ac
634 1504 737 1560 iactum
758 1503 885 1559 videmus
911 1504 941 1559 in
965 1507 1022 1560 vita
1044 1506 1205 1562 Themisto·

163 1589 228 1661 elis,
242 1593 292 1648 uhi
325 1593 361 1650 de
380 1593 447 1667 ejus¹
457 1595 488 1650 in
505 1599 601 1651 Persas
620 1595 721 1651 itinere
737 1597 870 1668 loquens,
887 1596 925 1651 ait
941 1613 970 1652 se
990 1599 1084 1671 plures
1103 1610 1202 1654 aucto·

162 1702 208 1738 res
224 1685 337 1758 legisse,
353 1686 404 1742 sed
419 1688 533 1743 credere
545 1687 721 1761 potissimum
734 1686 908 1761 Thucydidi,
921 1689 999 1763 quod
1011 1699 1091 1745 atate
1106 1689 1203 1764 proxi-

163 1796 225 1832 mus
239 1788 306 1834 erat.

204 1871 258 1927 111.
281 1871 373 1926 Credo
387 1871 496 1945 itaque,
511 1871 673 1927 Cornelium
686 1872 806 1926 multum
823 1891 927 1928 errasse
944 1873 974 1928 in
994 1873 1052 1929 vita
1066 1871 1204 1929 Miltiadis

166 1963 385 2031 conscribenda,
398 1983 485 2037 quum
498 1974 624 2020 auctores
637 1981 742 2037 graecos
753 1975 862 2020 secutus
875 1965 910 2020 sit
922 1964 1016 2020 minus
1028 1965 1205 2038 perspicuos,

166 2061 255 2132 longo
273 2056 345 2112 forte
358 2066 423 2130 post
437 2055 574 2112 Miltiadis
586 2066 695 2110 aetatem
708 2065 836 2128 tempore
856 2054 997 2114 florentes.
1012 2059 1102 2112 Tanta
1118 2067 1159 2112 est
1174 2057 1206 2112 in

166 2149 303 2226 Miltiadis
323 2146 381 2204 vita
401 2148 538 2204 tradenda
558 2147 718 2217 diversitas,
734 2147 757 2202 si
775 2148 938 2204 Cornelium
955 2137 1119 2223 comparare
1136 2148 1206 2203 velis

167 2262 231 2299 cum
243 2242 278 2297 iis
298 2260 358 2314 quae
378 2241 586 2309 Herodotus,l.
601 2259 632 2295 rv
645 2250 729 2309 etur,
739 2239 882 2314 exposuit,
894 2251 925 2295 ut
944 2241 990 2295 vel
999 2241 1057 2295 haec
1071 2242 1132 2296 sola
1145 2239 1206 2295 dis-

168 2333 283 2408 quisitio
302 2332 425 2406 amplam
444 2330 634 2388 dissertationi
652 2331 798 2388 materiam
813 2321 940 2405 praebere
957 2331 1054 2404 possit.
1074 2332 1130 2388 Sed
1145 2331 1206 2404 quis

168 2426 298 2502 preferre
313 2423 455 2479 dubitabit
469 2423 602 2481 Cornelio
617 2424 811 2494 Herodotum,
824 2423 872 2498 qui
886 2441 994 2479 coaevus
1008 2435 1067 2480 erat
1080 2422 1208 2491 Chnoni,

168 2517 305 2574 Miltiadis
322 2515 398 2596 filio,
413 2517 474 2590 qui,
490 2516 679 2573 Halicarnassi
692 2526 772 2572 natus
782 2557 792 2586 „
801 2517 880 2573 nullo
890 2517 1032 2573 ferebatur
1042 2517 1074 2572 in
1086 2517 1208 2590 aliquam

169 2609 282 2666 Graeciae
299 2609 440 2665 civitatem
453 2619 502 2664 aut
517 2607 652 2664 familiam
664 2608 787 2680 partium
803 2608 914 2677 studio,
932 2608 993 2682 qui,
1008 2627 1069 2684 quae
1083 2626 1151 2664 vera
1167 2627 1211 2664 es-

99 2715 102 2722 ’
170 2712 246 2770 sent,
270 2701 401 2757 sciscitari
426 2711 454 2757 et
470 2711 583 2775 poterat
597 2710 625 2756 et
641 2700 767 2769 volebat,
786 2695 914 2773 qui'erat
932 2700 1106 2774 integerrimi
1124 2697 1210 2754 animi

170 2794 307 2868 multique
324 2793 437 2865 judicii,
455 2793 506 2866 qui
518 2791 656 2865 denique,
669 2791 800 2847 audiente
818 2803 846 2847 et
858 2785 1047 2866 applaudente
1062 2802 1121 2848 tota
1135 2795 1212 2848 Grae-

171 2887 230 2955 cia,
243 2885 370 2960 praelegit
385 2885 532 2941 historiam
548 2901 642 2940 rerum
658 2884 688 2938 in
703 2883 839 2939 memoria
853 2884 960 2940 recenti
973 2883 1164 2940 versantium?

211 2981 261 3033 IV.
283 2979 453 3033 Luculenter
470 2977 566 3033 docuit
581 2976 756 3045 Herodotus,
774 2977 949 3044 Miltiadem,
966 2976 1092 3034 Cimonis
1107 2975 1212 3046 filium,

173 3070 252 3151 eujus
269 3069 356 3124 vitam
371 3069 517 3124 Cornelius
536 3068 679 3141 exposuit,
695 3086 754 3124 non
773 3068 883 3124 venisse
901 3069 931 3124 in
945 3069 1165 3139 Chersonesum,
1182 3078 1213 3124 ut
1235 3097 1237 3106 >
1333 3100 1336 3108 ·

173 3162 317 3220 coloniam
340 3161 552 3218 Atheniensium
571 3161 735 3228 deduceret,
752 3160 802 3215 sed
826 3171 856 3214 ut
874 3177 993 3233 regnum
1012 3171 1168 3236 capesseret
1183 3159 1213 3214 in
1262 3173 1264 3178 ·

173 3254 325 3323 Doloncis,
342 3253 511 3309 Chersonesi
523 3253 661 3312 Thrasicae
677 3251 794 3320 incolis,
806 3250 985 3308 haereditario
1002 3252 1080 3325 quasi
1092 3251 1168 3324 jure,
1185 3261 1214 3306 et

175 3347 364 3404 annuentibus
377 3345 514 3402 Pisistrati
531 3342 614 3415 filiis,
629 3345 677 3419 qui
694 3355 753 3399 turn
772 3343 889 3400 Athenis
907 3344 1135 3400 dominabantur.
1151 3345 1214 3398 Jam
1317 3415 1321 3424 .

174 3439 253 3494 enim
266 3436 399 3493 Pisistrati
421 3447 449 3491 et
461 3435 549 3491 Croesi
567 3447 646 3492 aetate
659 3447 775 3510 patruus
788 3434 924 3490 Miltiadis
942 3435 1039 3507 hujus,
1057 3434 1215 3504 Miltiades,

175 3530 288 3606 Cypseli
305 3527 392 3599 filius,
411 3529 460 3602 qui
473 3528 584 3602 generis
603 3528 742 3600 originem
761 3528 798 3583 ab
813 3528 900 3592 AEaco
912 3527 1017 3600 AEginae
1034 3545 1100 3600 rege
1118 3526 1215 3582 trahe-

174 3624 240 3693 bat,
259 3621 377 3678 Athenis
394 3625 429 3676 ex'
443 3621 557 3676 oraculo
576 3639 594 3676 a
606 3620 743 3676 Doloncis
761 3629 892 3676 evocatus
908 3618 1012 3688 fuerat,
1028 3629 1060 3673 ut
1076 3618 1152 3691 ipsos
1168 3637 1216 3674 re-

175 3725 264 3790 geret.
278 3715 312 3770 Ei
324 3714 446 3788 primum
459 3713 490 3767 in
503 3711 671 3767 Chersonesi
684 3713 812 3786 dynastia
825 3711 954 3768 successit
967 3712 1143 3785 Stesagoras,
1155 3710 1215 3766 fra-

176 3809 228 3863 tris
258 3806 383 3862 Cimonis
412 3803 502 3876 filius,
528 3805 697 3877 tandemque
725 3806 791 3860 huic
817 3806 965 3862 interfecto
993 3805 1064 3860 alter
1091 3802 1215 3860 Cimonis

177 3897 265 3970 lilius,
283 3909 380 3955 noster
395 3897 554 3966 Miltiades,
573 3898 623 3970 qui
638 3916 724 3971 usque
741 3897 777 3953 ad
794 3898 826 3957 id
845 3909 954 3971 tempus
973 3895 1087 3952 Athenis
1102 3895 1215 3950 habita-

178 4002 271 4061 verat,
285 4001 313 4047 et
325 4009 442 4046 uxorem
454 4000 552 4064 postea
570 3989 650 4045 duxit
662 3989 875 4065 Hegesipylam,
890 3989 972 4046 Olori
985 3989 1124 4044 Thracum
1144 3987 1218 4062 regis

177 4082 276 4139 filiam.
291 4083 334 4138 Ita
350 4083 511 4139 Herodotus
524 4100 569 4138 res
581 4092 690 4152 narrat,
703 4084 721 4138 l.
735 4101 780 4154 vr,
794 4100 823 4156 p.
836 4082 965 4158 39²·39lt
981 4091 1008 4136 et
1022 4087 1041 4171 l·
1044 4099 1093 4158 19,
1107 4099 1142 4136 ex
1156 4079 1218 4138 edi-
1282 4125 1285 4131 .
