3198 5174
370 497 1382 531 mmmmm

825 763 924 828 VIII.

585 1029 1146 1155 THRASYBULUS.

791 1409 947 1429 ι*-

364 1637 650 1784 Tnarsruunus,
672 1695 751 1787 Lyci
777 1691 878 1781 filius,
907 1691 1123 1770 Atheniensis.
1146 1692 1178 1760 si
1196 1716 1256 1785 per
1272 1693 1382 1760 sevir·

362 1823 415 1879 tus
427 1811 499 1883 sina
508 1811 638 1881 fortuna
651 1811 863 1907 ponderanda
874 1813 930 1900 sit,
948 1810 1063 1880 dubito
1076 1835 1119 1880 an
1129 1811 1219 1880 hunc
1236 1793 1379 1904 primum

363 1931 509 1998 omnium
534 1955 664 2023 ponam.
684 1929 738 1998 Illi
758 1933 827 2000 sine
844 1931 944 1999 dubio
965 1931 1129 1998 neminem
1145 1929 1282 2022 praefero
1301 1927 1381 2013 fide,

302 2081 307 2088 ¹
362 2051 558 2135 constantia,
572 2050 797 2144 magnitudine
812 2050 929 2138 animi,
946 2049 981 2116 in
994 2049 1134 2142 patriam
1154 2057 1275 2120 amore.
1292 2047 1379 2118 Nam

362 2167 451 2258 quod
465 2167 560 2237 multi
577 2167 768 2254 voluerunt,
784 2169 880 2263 pauci
897 2179 1089 2261 potuerunt,
1105 2166 1147 2236 ab
1160 2191 1227 2234 uno
1239 2180 1382 2258 tyranno

362 2279 503 2378 patriam
523 2286 675 2373 liberare3
694 2287 770 2356 huic
785 2289 938 2381 contigit,
952 2299 1020 2354 uta
1036 2286 1172 2380 triginta
1189 2308 1379 2378 oppressam

361 2405 506 2496 tyrannis
526 2431 565 2474 ex
584 2408 739 2475 servitute
758 2408 792 2474 in
808 2405 991 2474 libertatem
1006 2405 1198 2474 vindicaret.
1221 2403 1300 2491 Sed,
1318 2427 1381 2472 ne·

361 2524 430 2591 scio
449 2547 514 2616 quo
534 2524 649 2608 modo,
667 2549 769 2618 quum
794 2549 869 2592 eum
888 2547 985 2591 nemo
1008 2523 1149 2592 anteiret
1170 2523 1221 2591 his
1249 2524 1382 2591 virtuti·
1460 2509 1463 2518 ’

360 2642 437 2730 bus,
455 2641 555 2710 multi
570 2641 740 2712 nobilitate
752 2656 1043 2736 praecucurrerunt.
1055 2643 1202 2710 Primum
1219 2640 1383 2734 Pelopon-

362 2763 452 2830 nesio
467 2761 569 2850 bello,
585 2761 689 2830 multa
707 2763 761 2831 hic
777 2763 846 2830 sine
863 2760 1036 2832 Alcibiade¹
1047 2761 1168 2854 gessit3
1185 2759 1239 2828 ille.
1256 2759 1381 2830 nullam

361 2905 430 2948 rem
448 2882 518 2949 sine
531 2882 595 2950 hoc
611 2907 620 2948 :
638 2907 710 2980 qnae
729 2880 783 2949 ille
800 2882 950 2949 universa
969 2875 1116 2948 naturali
1133 2880 1276 2973 quodam
1291 2881 1380 2948 bono

361 2997 438 3068 fecit
454 2997 545 3068 lucri.
567 2999 631 3068 Sed
644 2999 700 3069 illa
718 3014 828 3068 tamen
842 3000 953 3069 omnia
971 3001 1161 3070 communia
1173 3000 1381 3094 imperatori-

360 3117 422 3184 bus
441 3142 516 3186 cum
534 3118 690 3188 militibus
710 3133 742 3188 et
758 3121 889 3190 fortuna
905 3146 913 3188 :
930 3120 1017 3213 quod
1038 3122 1072 3188 in
1092 3120 1198 3214 proelii
1218 3145 1380 3191 concursu

333 3301 340 3318 ,
361 3237 431 3304 abit
442 3261 525 3306 resa
544 3237 681 3308 consilio
698 3240 739 3307 ad
754 3241 855 3324 vires,
871 3240 1003 3332 vimque
1020 3243 1249 3334 pugnantium.
1263 3245 1379 3333 ltaque

358 3356 432 3448 jure
455 3380 514 3424 suo
529 3355 694 3426 ‘nonnulla
720 3358 761 3426 ab
784 3360 983 3450 imperatore
1004 3356 1110 3442 miles,
1132 3357 1276 3450 plurima
1300 3384 1378 3427 vero

360 3472 492 3543 fortuna
510 3475 674 3564 vindicat,
693 3499 790 3567 seque
814 3475 867 3544 hic
892 3474 965 3570 plus
989 3474 1141 3563 valuisse,
1167 3502 1265 3568 quam
1287 3478 1379 3546 ducis
1417 3525 1422 3534 -

358 3590 584 3686 prudentiam,
600 3618 676 3662 vere
690 3608 796 3686 potest
816 3593 1001 3686 praedicare.
1018 3595 1131 3680 Quare
1147 3593 1228 3662 illud
1249 3599 1376 3690 magni·

361 3707 605 3778 fluentissimum
633 3711 753 3793 factum
784 3711 955 3805 proprium
987 3727 1034 3780 est
1059 3711 1263 3806 Thrasybuli.
1292 3715 1378 3786 Nam
1427 3739 1433 3744 ·

363 3854 464 3924 quum
489 3829 623 3923 triginta
640 3831 787 3923 tyranni,
804 3831 968 3924 praepositi
987 3856 1006 3900 a
1026 3825 1295 3920 Lacedaemoniis,
1312 3859 1378 3902 ser·

365 3952 468 4019 vitute
484 3971 652 4042 oppressas
668 3962 818 4017 tenerent
837 3950 998 4038 Athenas,
1015 3949 1173 4044 plurimos
1191 3953 1292 4039 cives,
1307 3955 1378 4046 qui·

372 4067 432 4137 bus
452 4069 486 4135 in
514 4064 599 4134 bello
619 4085 807 4162 pepercerat
827 4069 975 4155 fortuna,
993 4070 1111 4162 partim
1128 4072 1234 4162 patria
1242 4072 1376 4166 expulis
