3114 5032
337 453 393 490 200
599 435 756 490 ioannis
776 397 889 490 nens.
912 433 1105 490 aminoen

319 553 430 628 icium,
450 569 508 614 tum
534 557 647 614 demum
670 568 698 613 et
723 559 804 632 pueri
822 557 911 614 uvidis
931 557 1043 614 auribus
1063 557 1211 631 accipient,
1228 557 1381 631 quidquid

335 651 373 706 ad
390 651 573 724 explicandos
590 640 718 706 auctores
737 651 851 705 tradunt
868 651 1008 723 magistri,
1032 650 1057 708 si
1076 668 1138 706 cum
1157 649 1259 720 linguae
1278 650 1381 704 latinae

336 742 429 796 studio
438 741 595 815 antiquaria
604 752 632 796 et
639 727 771 798 historica
784 741 908 814 cognitio
917 741 971 795 rite
982 740 1169 813 conjrmgitur.
1180 742 1271 795 Multa
1287 740 1381 794 etiam

335 831 372 888 de
382 832 425 888 his
439 833 523 888 rebus
535 833 669 906 praeclare
676 833 818 906 scripsisse
829 832 914 888 video
926 832 1110 906 Longolium,
1119 832 1298 902 Lambinum,
1306 834 1381 886 Ma—

335 924 423 998 gium3
441 924 491 980 sed
509 925 628 991 multos,
642 924 690 997 qui
708 942 756 979 eos
768 923 886 980 insecuti
903 934 979 992 sunt,
992 933 1242 990 commentatores,
1255 933 1302 978 aut
1318 921 1381 978 ue-

335 1015 453 1089 glexisse
473 1013 668 1087 antiquitates,
685 1026 734 1070 aut
754 1015 867 1088 quade
885 1015 925 1070 eis
945 1026 1158 1088 congesserunt,
1177 1015 1256 1070 inani
1274 1015 1381 1087 dispu-

334 1106 442 1163 tatione
460 1115 598 1178 tantoque
616 1105 768 1160 involvisse
787 1106 940 1161 verborum
953 1105 1075 1173 ambitu,
1089 1115 1120 1159 ut
1137 1123 1196 1159 nou
1217 1105 1298 1160 facile
1315 1124 1379 1160 no-

335 1207 394 1252 tare
417 1208 445 1252 et
461 1195 607 1269 percipere
621 1196 710 1269 possit
722 1197 811 1253 lector
827 1196 858 1252 id
874 1197 959 1269 quod
978 1197 1014 1252 ad
1030 1215 1091 1252 rem
1108 1196 1238 1269 pertinet.
1256 1199 1380 1252 Consuli

335 1289 407 1345 solet
423 1288 454 1342 in
472 1287 636 1343 evolvendis
656 1288 814 1346 sudoribus
827 1285 958 1344 Lexioon'
968 1286 1165 1360 antiquitatum
1178 1306 1379 1354 romanarmn,

335 1391 467 1453 exparte
487 1380 571 1435 etiam
594 1380 631 1434 ad
654 1381 724 1435 ritus
747 1383 908 1437 Graecorum
928 1379 1089 1454 pertinens,
1109 1380 1186 1452 quod
1207 1399 1224 1434 a
1242 1381 1380 1436 Samuele

336 1471 442 1526 Pitisco
448 1511 458 1538 ,
472 1489 582 1544 magnae
594 1469 760 1526 eruditionis
772 1471 851 1540 viro,
869 1472 1056 1538 elaboratum,
1075 1471 1165 1526 tribus
1179 1473 1379 1527 voluminibus

336 1562 445 1636 prodiit
454 1563 541 1634 Hagae
552 1561 693 1616 Comitum
709 1561 781 1632 1737
791 1603 799 1631 ,
810 1583 873 1618 mea
882 1582 916 1618 ex
926 1562 1108 1618 editione.ld
1116 1563 1256 1632 Lexicon,
1270 1563 1377 1636 quam

336 1653 379 1708 vis
393 1673 409 1709 e
422 1653 526 1708 Graevii
538 1653 732 1726 Gronoviique
750 1655 909 1723 Thesauris,
926 1654 1075 1727 multisque
1093 1655 1154 1711 aliis
1174 1674 1190 1708 e
1209 1655 1289 1710 libris
1304 1675 1379 1712 con-

295 1805 298 1809 ,
337 1755 459 1818 gestum,
472 1743 521 1798 vix
534 1744 660 1816 explebit
672 1743 868 1817 antiquitatum
881 1745 1057 1800 sciscitatoris
1071 1745 1224 1814 desideria,
1237 1758 1378 1819 apparatu

338 1836 490 1909 praesertim
508 1835 646 1890 librorum
665 1835 798 1890 destituti
816 1836 914 1892 Inveni
924 1836 957 1891 'e.
970 1855 996 1910 g.
1017 1837 1132 1892 omissas
1143 1857 1229 1894 voces
1244 1839 1373 1906 Poecile,

338 1939 366 1984 et
383 1928 419 1983 de
439 1947 494 2001 qua
511 1944 595 2004 supra
610 1927 740 1996 mactari,
746 1929 910 2000 periculum.
931 1929 989 1984 Sub
1006 1929 1164 2002 gynoecuam
1178 1949 1226 1985 seu
1236 1933 1376 2009 gynaeco-

339 2020 404 2074 nitis
426 2039 515 2092 pauca
541 2020 657 2074 collecta
676 2022 760 2092 sunt,
782 2019 952 2074 illustrandae
972 2019 1014 2074 illi
1035 2022 1247 2090 consuetudini,
1262 2023 1298 2077 de
1319 2031 1375 2096 qua

340 2110 462 2184 loquitur
479 2114 589 2183 Nepos,
606 2111 698 2165 minus
718 2110 828 2165 idonea.
850 2112 906 2166 Neo
930 2111 1020 2166 otium
1038 2112 1172 2185 suppetit,
1187 2133 1238 2168 nec
1257 2114 1376 2170 fortasse

339 2202 497 2258 suffecerint
510 2202 584 2257 vires
594 2201 634 2276 ad
647 2201 841 2273 explicandam
854 2201 885 2255 iu
897 2201 991 2257 multis
1003 2203 1122 2258 auctoris
1139 2197 1229 2260 nostri
1241 2205 1310 2260 locis
1319 2225 1374 2260 au-

291 2303 293 2313 *
339 2295 504 2369 tiquitatem.
523 2293 690 2367 Speciminis
707 2295 772 2348 loco
790 2293 897 2366 aliquot
917 2294 1058 2349 exhibebo
1076 2295 1296 2351 observationes.

331 2401 336 2425 ¹
378 2389 431 2444 111.
453 2387 585 2459 Quisquis
600 2387 754 2441 litterarum
772 2403 922 2459 graecanam
937 2405 997 2440 non
1017 2372 1133 2449 omnino
1152 2405 1250 2460 expers
1263 2398 1317 2456 est,
1331 2387 1377 2442 of-

339 2478 471 2535 fendetur
490 2477 584 2533 statim
603 2478 667 2532 loco
681 2477 741 2532 ¹illo
759 2477 883 2532 Cornelii
901 2476 931 2532 in
948 2477 1133 2551 praefatione:
1152 2503 1165 2529 «
1185 2480 1267 2535 Nulla
1285 2481 1375 2534 Lace-

340 2570 463 2625 daemoni
480 2579 538 2640 tam
548 2560 598 2629 ,est
615 2568 720 2622 nobilis
732 2568 835 2636 vidua,
852 2587 913 2641 quae
929 2587 988 2622 non
1004 2569 1042 2623 ad
1058 2576 1231 2624 scenam'eat
1247 2570 1377 2625 mercede

341 2662 489 2718 conducta.
505 2685 518 2708 a
538 2661 658 2729 Scimus,
671 2661 898 2716 Lacedaemonios
920 2679 935 2716 e
952 2662 1014 2733 lege
1032 2661 1152 2734 Lycurgi
1170 2662 1244 2716 ludis
1261 2661 1377 2717 scenicis

341 2773 389 2808 seu
409 2753 591 2810 theatralibus
617 2752 736 2808 omniuo
756 2752 931 2807 abstinmsse.
950 2752 1090 2808 Manifesti
1113 2763 1178 2808 sunt
1199 2754 1256 2809 loci
1273 2756 1376 2826 Xeno-

341 2845 470 2918 phontis,
484 2845 533 2918 qui
541 2843 685 2898 familiaris
701 2843 753 2898 fuit
765 2844 904 2916 Agesilai,
917 2854 945 2898 et
952 2842 1107 2913 Plutarchi,
1121 2845 1170 2918 qui
1188 2856 1298 2901 centum
1311 2856 1378 2918 post

342 2934 506 2992 Cornelium
524 2936 605 2991 anatis
621 2936 745 3009 scripsit,
762 2954 932 3008 omnemque
950 2935 1049 3003 adimit
1063 2937 1285 3005 exeusationem,
1303 2938 1378 2992 bunc

343 3046 402 3083 non
425 3028 464 3088 ‚de
483 3028 625 3084 Pausaniae
643 3038 672 3083 et
686 3027 823 3100 Agesilai,
842 3028 892 3082 sed
911 3027 947 3082 de
964 3045 1016 3082 suo
1036 3027 1122 3102 ipsius
1140 3039 1266 3102 tempore
1285 3029 1378 3100 loqui,

344 3139 431 3194 quum
444 3120 565 3194 Lycurgi
579 3122 654 3197 leges
666 3120 723 3192 jam
737 3130 828 3176 essent
845 3120 990 3175 obsoletae.
1004 3121 1040 3174 Et
1055 3119 1079 3175 si
1091 3137 1230 3193 unquam,
1245 3125 1378 3192 corrupto

340 3211 504 3284 reipublicae
524 3221 608 3280 statu,
627 3210 833 3266 Lacedaemonii
854 3212 930 3284 leges
950 3229 1012 3264 suas
1036 3211 1109 3266 adeo
1132 3211 1331 3284 neglexerunt,
1348 3221 1378 3265 ut

344 3321 432 3360 scenae
461 3321 576 3376 operam
600 3303 715 3370 darent;
736 3321 785 3357 cur
806 3319 864 3373 prae
883 3301 980 3358 ceteris
999 3301 1030 3356 in
1048 3311 1108 3356 tota
1126 3302 1233 3358 Graecia
1256 3301 1378 3377 feminis,

344 3394 549 3452 lacedaemoniae
566 3394 656 3450 viduae
675 3393 768 3449 nobili
786 3393 942 3461 tribuatur,
958 3392 1107 3465 quodnisi
1123 3411 1175 3465 per
1192 3394 1319 3449 fraudem
1335 3395 1377 3448 le-

345 3487 387 3560 gis
408 3485 482 3542 cives
503 3497 709 3558 nonuunquam
728 3483 1086 3557 admisissetsuspicamur?
1105 3484 1237 3540 Mercede
1258 3484 1378 3540 conduci

345 3578 452 3645 solent,
466 3577 514 3650 qui
533 3579 562 3631 iu
581 3595 692 3632 scenam
708 3586 790 3644 eunt,
802 3586 833 3628 ut
848 3587 942 3648 partes
962 3593 1064 3648 nempe
1082 3586 1167 3649 agant
1179 3577 1209 3630 in
1228 3575 1377 3644 comoedia,

346 3686 406 3722 non
418 3667 468 3740 qui
480 3669 522 3722 ad
538 3686 662 3736 scenam,
678 3678 717 3744 ut·
728 3677 862 3739 spectent.
875 3666 1002 3746 Muneris
1018 3685 1100 3722 causa
1115 3668 1272 3740 sumptibus
1287 3666 1379 3740 puhli-

347 3759 387 3842 qis
401 3760 432 3836 in
448 3758 509 3813 aliis
527 3759 640 3814 Graeciae
662 3759 778 3814 urbibus
796 3759 1002 3816 exhibebantur
1017 3759 1091 3828 ludi;
1109 3759 1158 3814 sed
1178 3760 1240 3832 quis
1254 3758 1379 3814 mercede

348 3853 491 3908 conducet·
508 3870 569 3920 eos,
591 3851 692 3923 quibus
711 3849 836 3922 spectare
854 3846 964 3925 volupe‘
980 3850 1041 3905 est?
1062 3849 1193 3924 Effugere
1217 3851 1379 3923 interpretes

347 3944 441 3999 conati
464 3954 529 3998 sunt
547 3943 597 3996 bas
622 3941 804 4014 quaestiones,
824 3942 861 3997 ad
882 3961 949 4017 quas
966 3941 1014 3996 vix
1033 3951 1097 4015 apta
1117 3941 1269 4016 excogitari
1289 3951 1381 4015 potest

347 4035 508 4111 responsio,
522 4035 612 4090 tribus
623 4034 723 4090 modis.
734 4035 789 4089 Alii
797 4074 805 4103 ‚
814 4035 851 4091 ab
864 4034 978 4090 AEmilio
987 4035 1082 4090 Probo
1095 4035 1219 4107 prolecta
1228 4035 1287 4089 haec
1296 4033 1380 4089 verba
