3168 5048
367 459 420 516 nt
699 461 875 517 CORNELII
895 460 1050 516 NEPOTIS

364 585 478 680 telligi3
502 599 675 679 postquam
695 600 803 654 autem
828 609 925 654 naves
948 584 1123 679 completas
1148 606 1388 682 conspexerunt

364 705 581 800 serpentibus,
598 728 682 772 nova
697 729 732 771 re
748 706 931 798 perterriti,
946 705 1066 798 quum,
1084 702 1164 797 qnid
1182 707 1387 800 potissimum

363 824 520 912 vitarent,
537 849 605 892 non
619 821 785 911 viderent,
797 849 924 918 puppes
939 838 1144 914 averterunt,
1158 849 1256 917 seque
1268 825 1311 894 ad
1328 851 1387 897 sua

364 955 468 1040 castra
492 943 623 1011 nautica
648 940 840 1010 retulerunt.
868 943 922 1011 Sic
945 940 1119 1010 Hannibal·
1136 941 1271 1012 consilio
1297 969 1394 1014 arma

364 1063 637 1157 Pergamenorum
656 1062 846 1154 superavit:
865 1049 970 1153 neque
991 1074 1062 1130 tum
1085 1058 1282 1148 solun1,sed
1303 1087 1387 1157 saepe

363 1175 441 1247 alias
465 1178 667 1274 pedestribus
692 1179 794 1274 copiis
820 1179 891 1271 pari
920 1176 1094 1271 prudentia
1120 1177 1245 1272 pepulit
1272 1181 1386 1250 adrer-

276 1324 277 1328 ’
364 1298 475 1366 serios.

410 1415 486 1482 XII.
510 1416 594 1503 Quae
612 1415 691 1483 dum
709 1417 744 1483 in
760 1417 836 1486 Asia
851 1429 1022 1509 geruntur,
1039 1415 1156 1484 accidit
1173 1439 1268 1505 casu,
1287 1432 1325 1485 ut
1341 1417 1385 1487 le·

365 1533 431 1626 goti
444 1535 565 1600 Prusiae
578 1537 690 1602 Romae
701 1534 789 1627 apud
799 1536 838 1601 L.
854 1535 1029 1622 Quintium
1040 1531 1257 1602 Flamininum
1269 1559 1385 1604 consu·

363 1651 465 1720 larem
478 1666 659 1740 coenarent,
672 1667 770 1744 atque
784 1652 843 1740 ibi,
861 1652 900 1720 de
914 1649 1095 1721 Hannibale
1107 1653 1272 1721 mentione
1285 1652 1384 1738 facta,

363 1794 404 1838 ex
420 1770 471 1837 his
489 1794 575 1838 unus
592 1769 729 1856 diceret,
748 1795 823 1838 eum
841 1772 874 1838 in
895 1771 1016 1839 Prusiae
1035 1795 1136 1864 regno
1154 1795 1232 1840 esse.
1251 1772 1292 1840 Id
1309 1797 1385 1866 pos-

364 1902 435 1956 tero
447 1887 498 1954 die
511 1886 710 1956 Flamininus
723 1889 848 1956 senatui
862 1887 986 1957 detulit
999 1891 1111 1958 Patres
1125 1891 1314 1983 conscripti,
1326 1892 1385 1983 qui

364 2003 545 2072 Hannibale
564 2006 644 2096 vivo,
657 2031 832 2099 nunquam¹
847 2031 881 2076 se
898 2007 966 2074 sine
985 2007 1108 2076 insidiis
1128 2007 1257 2077 futuros
1276 2010 1384 2077 existi·

330 2115 333 2120 ¹
365 2123 514 2208 mabant,
534 2121 655 2216 legatos
672 2126 706 2191 in
722 2110 907 2216 Bithyniam
921 2125 1094 2212 miserunt,
1112 2126 1146 2192 in
1163 2126 1214 2194 his
1231 2125 1384 2195 Flamini·

364 2267 460 2328 num,
473 2243 531 2334 qui
543 2267 567 2312 a
576 2266 651 2334 rege
664 2257 825 2337 peterent,
839 2266 881 2309 ne
896 2243 1153 2310 inimicissimum
1164 2266 1260 2312 suum
1275 2268 1383 2312 secum

364 2362 513 2449 baberet,
532 2362 657 2454 sibique
677 2361 816 2430 dederet.
836 2362 894 2428 His
913 2362 1043 2429 Prusias
1061 2385 1179 2453 negare
1200 2386 1298 2430 ausus
1316 2386 1384 2431 non

363 2495 412 2560 est
431 2506 439 2548 ε
459 2480 539 2548 illud
561 2481 736 2566 recusavit,
755 2479 848 2547 ne‘id
869 2503 889 2546 a
910 2504 943 2548 se
964 2479 1035 2547 lieri
1054 2476 1275 2572 postularent,
1295 2479 1384 2573 quod

364 2601 517 2668 adversus
531 2599 585 2690 jus
601 2599 733 2692 hospitii
746 2611 828 2665 esset
843 2624 851 2665 :
866 2599 945 2691 ipsi,
965 2598 991 2664 si
1009 2612 1155 2689 possent,
1174 2598 1385 2692 comprehen-

244 2799 247 2804 .
364 2719 495 2803 derent3
523 2715 648 2804 locum,
675 2715 732 2784 ubi
756 2731 855 2804 esset,
881 2713 972 2783 facile
998 2715 1197 2792 inventuros.
1222 2714 1385 2783 Hannibal

364 2838 449 2904 enim
474 2861 544 2903 uno
561 2833 633 2902 loco
659 2859 692 2901 se
712 2833 842 2901 tenebat
863 2835 896 2901 in
919 2832 1064 2920 castello,
1085 2833 1180 2926 quod,
1194 2834 1223 2901 ei
1246 2834 1287 2900 ab
1309 2856 1385 2924 rege

364 2954 477 3021 datum
497 2941 566 3020 erat
579 2951 840 3043 muneripidque
857 2953 903 3019 sic
916 2950 1106 3036 aedificarat,
1126 2967 1162 3019 ut
1181 2953 1214 3021 in
1233 2951 1384 3020 omnibus

364 3070 511 3165 partibus
531 3069 657 3156 aedificii
678 3071 800 3137 exitum
820 3070 880 3137 sibi
898 3070 1046 3156 haberet,
1064 3094 1190 3163 semper
1211 3093 1324 3138 verens
1341 3094 1385 3137 ne

364 3214 426 3257 usu
439 3191 596 3280 eveniret,
608 3188 697 3280 quod
710 3188 835 3256 accidit.
850 3190 924 3255 Huc
934 3211 1037 3280 quum
1049 3186 1145 3280 legati
1160 3192 1384 3256 Romanorum

363 3309 541 3396 venissent,
559 3332 596 3374 ac
614 3305 827 3378 multitudine¹
840 3306 975 3373 domum
993 3307 1062 3398 ejus
1079 3306 1383 3394 circumdedissent,

363 3450 445 3522 puer
461 3427 501 3495 ab
512 3426 613 3518 janua
628 3426 826 3519 prospiciens
840 3420 1014 3493 Hannibali
1034 3424 1129 3511 dixit,
1143 3423 1252 3519 plures
1267 3439 1384 3518 praeter

362 3544 630 3612 consuetudinem
654 3557 794 3611 armatos
815 3566 980 3636 apparere.
1001 3543 1069 3630 Qui
1091 3544 1262 3638 imperavit
1281 3543 1327 3630 ei,
1345 3556 1385 3609 ut

364 3685 476 3730 omnes
489 3661 573 3729 fores
587 3660 712 3728 aedificii
725 3661 928 3748 circumiret,
942 3685 979 3728 ac
992 3685 1130 3755 propere
1143 3662 1203 3730 sibi
1215 3663 1383 3730 renuntia-

363 3794 430 3867 ret,
448 3803 528 3847 num
545 3778 658 3846 eodem
673 3777 771 3845 modo
789 3778 934 3871 undique
951 3779 1161 3847 obsideretur.
1181 3784 1267 3850 Puer
1280 3806 1384 3873 quum

364 3895 518 3984 celeriter,
540 3895 619 3989 quid
638 3909 735 3984 esset,
755 3899 989 3984 renuntiasset,
1008 3922 1184 3991 omnesque
1203 3901 1308 3988 exitus
1329 3923 1385 3968 oc-

365 4030 496 4110 cupatos
514 4014 721 4102 ostendisset;
740 4017 855 4100 sensit,
874 4015 908 4082 id
929 4040 996 4086 non
1014 4014 1149 4084 fortuito
1167 4016 1309 4106 factum,
1329 4016 1385 4087 sed
