3168 5048
360 481 415 535 144
440 451 442 455 ’
700 466 877 524 coruum
899 467 1057 524 uurorrs

357 598 392 664 in
417 595 566 664 sestertio
594 593 708 682 vicies,
734 593 824 688 quod
849 619 868 662 a
888 609 983 688 patre
1008 607 1193 688 acceperat,
1220 615 1341 686 parum
1366 615 1402 658 se

357 713 527 810 splendide
544 713 822 808 gesserit,.neque
840 715 875 781 in
899 715 1048 782 sestertio
1068 714 1189 781 centies
1208 711 1400 782 affluentius

357 835 491 922 vixerit,
501 857 602 926 quarn
611 834 815 919 instituerat,
824 834 962 928 parique
973 832 1106 926 fastigio
1118 833 1245 902 steterit
1262 833 1296 900 in
1309 847 1401 900 utra-

357 978 421 1047 que
435 952 577 1021 fortuna.
599 950 717 1024 Nullos
735 953 851 1022 habuit
865 919 1003 1041 horlos,
1016 951 1142 1022 nullam
1156 952 1399 1042 suburbanam,

357 1070 1401 1167 autmaritimamsumptuosamvillam,nequeinItalia,praeter

356 1191 572 1262 Ardeatinum
586 1207 619 1261 et
632 1180 879 1263 Nomentanum
888 1244 897 1281 ,
906 1193 1067 1262 rusticum
1081 1191 1259 1287 praedium3
1274 1193 1401 1260 omnis·
1492 1209 1495 1218 ’

357 1337 421 1405 que
439 1313 510 1404 ejus
532 1313 681 1407 pecuniae
699 1311 825 1381 reditus
847 1311 1019 1381 constabat
1039 1311 1074 1380 in
1095 1313 1272 1407 Epiroticis
1292 1327 1325 1380 et
1341 1337 1402 1381 ur-

356 1431 451 1500 banis
464 1431 735 1526 possessionibus.
749 1436 798 1501 Ex
813 1457 881 1525 quo
895 1433 1048 1526 cognosci
1066 1446 1190 1525 potest,
1205 1456 1282 1500 eum
1298 1456 1398 1500 usum

357 1551 504 1645 pecuniae
521 1576 589 1619 non
604 1551 848 1646 magnitudine,
861 1551 918 1620 sed
935 1552 1079 1639 ratione,
1098 1553 1207 1621 metiri
1227 1550 1370 1622 solitum.

403 1672 478 1740 XV.
497 1669 709 1739 Mendacium
734 1679 841 1764 neque
866 1670 1009 1758 dicebat,
1031 1696 1138 1764 neque
1159 1673 1229 1766 pati
1254 1686 1396 1765 poterat.

355 1793 472 1882 Itaque
488 1790 558 1883 ejus
576 1792 713 1860 comitas
730 1816 798 1860 uon
820 1793 890 1860 sine
909 1792 1080 1860 severitate
1093 1807 1179 1880 erat,
1197 1817 1303 1885 neque
1320 1817 1398 1886 gra-

293 1895 296 1902 ’
356 1911 440 1978 vitas
464 1911 533 1979 sine
556 1909 711 1980 facilitate
730 1937 738 1979 ε
759 1926 798 1980 ut
816 1910 948 1983 difficile
973 1926 1057 1980 esset
1077 1911 1261 2001 intellectu,
1281 1927 1398 1982 utrum

355 2055 433 2098 eum
447 2031 543 2099 amici
560 2033 663 2125 magis
683 2047 891 2121 vererentur,
909 2058 951 2102 an
969 2048 1126 2101 amarent.
1148 2032 1321 2128 Quidquid
1339 2059 1395 2102 ro·

356 2151 513 2245 gabatur,
534 2149 684 2246 religiose
707 2153 936 2246 promittebat;
954 2152 1045 2247 quod
1062 2176 1131 2222 non
1153 2152 1311 2242 liberalis,
1336 2153 1395 2222 sed

355 2269 451 2359 levis,
465 2271 702 2361 arbitrabatur,
721 2271 883 2366 polliceri,
901 2273 991 2366 quod
1002 2285 1165 2366 ¹prostare
1186 2299 1255 2341 non
1272 2288 1391 2368 posset.

353 2390 447 2466 Idem
464 2392 500 2460 in
517 2391 668 2480 nitendo,
682 2392 772 2486 quod
789 2392 887 2462 semel
905 2394 1089 2482 annuisset,
1109 2407 1200 2462 tanta
1217 2409 1287 2472 erat
1301 2419 1393 2483 cura,

356 2526 394 2580 ut
410 2536 479 2580 non
495 2494 699 2600 mandatam,
718 2511 774 2581 sed
792 2538 886 2582 suam
899 2538 969 2581 rem
982 2512 1151 2584 videretur
1168 2539 1273 2609 agere.
1293 2517 1391 2586 Nun·

355 2656 456 2724 quam
480 2634 623 2727 suscepti
652 2635 776 2728 negotii
800 2659 875 2703 eum
903 2649 1078 2729 pertaesum
1104 2651 1162 2705 est.
1185 2641 1286 2706 Suam
1303 2639 1392 2706 enim

325 2749 326 2756 '
354 2752 629 2822 existimationem
647 2753 681 2821 in
698 2775 737 2824 ea
754 2779 790 2823 re
811 2756 865 2848 agi
882 2757 1036 2850 putabat,
1059 2782 1126 2849 qua
1144 2756 1227 2825 nihil
1249 2757 1394 2826 babebat

354 2873 473 2940 carius.
482 2872 560 2959 Quo
576 2872 690 2960 fiebat,
708 2889 746 2941 ut
763 2876 874 2943 omnia
883 2877 1097 2965 Ciceronum,
1109 2879 1261 2966 Catonis,
1272 2880 1391 2967 Marii,

353 2993 397 3079 Q.
415 2993 599 3079 Hortensii,
613 2990 691 3063 Auli
712 2997 888 3088 Torquati,
910 2995 1092 3065 multorum
1113 3013 1270 3092 praeterea
1296 3001 1390 3092 equi·

353 3123 427 3179 tum
447 3135 661 3181 romanorum
673 3116 805 3208 negotia
821 3120 1085 3209 procuraretssn
1096 3141 1163 3209 quo
1173 3117 1316 3210 judicari
1328 3145 1389 3217 po·

354 3243 454 3318 terat,
467 3255 535 3300 non
552 3231 685 3321 inertia,
703 3233 759 3302 sed
768 3235 909 3326 judicio,
927 3234 1049 3328 fugisse
1066 3236 1254 3331 reipublicae
1270 3264 1391 3334 procu·

354 3351 525 3419 rationem.

402 3474 494 3540 XVI.
507 3474 729 3566 Humanitatis
746 3499 824 3544 vero
841 3474 973 3545 nullum
990 3478 1107 3547 afferre
1121 3479 1228 3572 majus
1243 3481 1389 3551 testimo-

354 3590 446 3657 nium
465 3615 622 3684 possum,
644 3618 745 3685 quam
769 3594 859 3688 quod
880 3595 1067 3667 adolescens
1090 3599 1176 3668 idem
1198 3603 1267 3670 seni
1289 3601 1388 3671 Sullae

245 3704 248 3710 ’
353 3706 453 3776 fuerit
470 3707 743 3799 jucundissimus,
763 3737 861 3784 senex
884 3715 1081 3786 adolescenti
1100 3721 1149 3788 M.
1172 3723 1291 3808 Bruto;
1310 3747 1387 3790 cum

353 3826 532 3921 aequalibus
547 3845 658 3899 autem
676 3834 759 3921 suis,
776 3835 818 3922 Q.
837 3839 1016 3906 Hortensio
1031 3852 1064 3906 et
1078 3841 1126 3906 Μ.
1148 3842 1322 3928 Cicerone,
1341 3845 1388 3911 sio

353 3951 486 4038 vixerit,
504 3964 543 4020 ut
556 3951 705 4043 judicare
724 3955 855 4027 difficile
873 3962 933 4048 sit,
951 3962 1006 4029 cui
1026 3963 1113 4029 aetati
1138 3961 1238 4032 fuerit
1262 3965 1390 4057 aptissi-

353 4094 436 4140 mus.
450 4073 651 4165 Quanquam
667 4098 743 4144 eum
763 4084 927 4174 praecipue
938 4079 1052 4150 dilexit
1062 4083 1194 4171 Cicero,
1209 4099 1247 4153 ut
1263 4109 1305 4153 ne
1320 4084 1389 4153 fra·
