<?xml version="1.0" encoding="UTF-8"?>
<!DOCTYPE html PUBLIC "-//W3C//DTD XHTML 1.0 Transitional//EN"
    "http://www.w3.org/TR/xhtml1/DTD/xhtml1-transitional.dtd">
<html xmlns="http://www.w3.org/1999/xhtml" xml:lang="en" lang="en">
 <head>
  <title>
</title>
<meta http-equiv="Content-Type" content="text/html;charset=utf-8" />
  <meta name='ocr-system' content='tesseract 3.04.00' />
  <meta name='ocr-capabilities' content='ocr_page ocr_carea ocr_par ocr_line ocrx_word'/>
</head>
<body>
  <div class='ocr_page' id='page_1' title='image "./corneliinepotio00nepogoog_0225.png"; bbox 0 0 3114 5032; ppageno 0'>
   <div class='ocr_carea' id='block_1_1' title="bbox 339 429 1107 490">
    <p class='ocr_par' dir='ltr' id='par_1_1' title="bbox 339 429 1107 490">
     <span class='ocr_line' id='line_1_1' title="bbox 339 429 1107 490; baseline -0.008 0"><span class='ocrx_word' id='word_1_1' title='bbox 339 432 393 490; x_wconf 79' lang='lat'>206</span> <span class='ocrx_word' id='word_1_2' title='bbox 600 431 759 488; x_wconf 80' lang='lat' dir='ltr'>JOANNIS</span> <span class='ocrx_word' id='word_1_3' title='bbox 781 431 891 486; x_wconf 88' lang='lat' dir='ltr'>HENll.</span> <span class='ocrx_word' id='word_1_4' title='bbox 913 429 1107 486; x_wconf 84' lang='lat' dir='ltr'>SCHLEGEL</span> 
     </span>
    </p>
   </div>
   <div class='ocr_carea' id='block_1_2' title="bbox 320 554 1462 4120">
    <p class='ocr_par' dir='ltr' id='par_1_2' title="bbox 336 554 1386 1456">
     <span class='ocr_line' id='line_1_2' title="bbox 337 554 1386 632; baseline -0.004 -16"><span class='ocrx_word' id='word_1_5' title='bbox 337 560 448 616; x_wconf 89' lang='lat' dir='ltr'>ducant.</span> <span class='ocrx_word' id='word_1_6' title='bbox 462 559 523 632; x_wconf 21' lang='lat' dir='ltr'>*Nec</span> <span class='ocrx_word' id='word_1_7' title='bbox 540 557 570 612; x_wconf 89' lang='lat' dir='ltr'>in</span> <span class='ocrx_word' id='word_1_8' title='bbox 587 557 667 612; x_wconf 91' lang='lat' dir='ltr'>libris</span> <span class='ocrx_word' id='word_1_9' title='bbox 682 555 818 630; x_wconf 85' lang='lat' dir='ltr'>separatis</span> <span class='ocrx_word' id='word_1_10' title='bbox 834 556 988 630; x_wconf 89' lang='lat' dir='ltr'>plerisque,</span> <span class='ocrx_word' id='word_1_11' title='bbox 1006 571 1076 628; x_wconf 89' lang='lat' dir='ltr'>quos</span> <span class='ocrx_word' id='word_1_12' title='bbox 1092 554 1128 610; x_wconf 91' lang='lat' dir='ltr'>de</span> <span class='ocrx_word' id='word_1_13' title='bbox 1146 554 1263 610; x_wconf 89' lang='lat' dir='ltr'>historia</span> <span class='ocrx_word' id='word_1_14' title='bbox 1280 568 1386 612; x_wconf 87' lang='lat' dir='ltr'>vetere</span> 
     </span>
     <span class='ocr_line' id='line_1_3' title="bbox 338 647 1386 723; baseline -0.004 -15"><span class='ocrx_word' id='word_1_15' title='bbox 338 668 518 723; x_wconf 83' lang='lat' dir='ltr'><strong>composuere</strong></span> <span class='ocrx_word' id='word_1_16' title='bbox 536 649 719 717; x_wconf 81' lang='lat' dir='ltr'>recentiores,</span> <span class='ocrx_word' id='word_1_17' title='bbox 737 667 861 704; x_wconf 82' lang='lat' dir='ltr'>accessus</span> <span class='ocrx_word' id='word_1_18' title='bbox 877 649 961 703; x_wconf 90' lang='lat' dir='ltr'>datur</span> <span class='ocrx_word' id='word_1_19' title='bbox 977 648 1012 702; x_wconf 90' lang='lat' dir='ltr'>ad</span> <span class='ocrx_word' id='word_1_20' title='bbox 1037 648 1104 702; x_wconf 85' lang='lat' dir='ltr'>artis</span> <span class='ocrx_word' id='word_1_21' title='bbox 1128 647 1269 702; x_wconf 82' lang='lat' dir='ltr'>historicae</span> <span class='ocrx_word' id='word_1_22' title='bbox 1284 667 1386 722; x_wconf 88' lang='lat' dir='ltr'>pene-</span> 
     </span>
     <span class='ocr_line' id='line_1_4' title="bbox 337 739 1383 812; baseline -0.002 -14"><span class='ocrx_word' id='word_1_23' title='bbox 337 743 432 811; x_wconf 85' lang='lat' dir='ltr'>tralia,</span> <span class='ocrx_word' id='word_1_24' title='bbox 448 742 592 798; x_wconf 86' lang='lat' dir='ltr'>scientiam</span> <span class='ocrx_word' id='word_1_25' title='bbox 606 740 712 796; x_wconf 88' lang='lat' dir='ltr'>scilicet</span> <span class='ocrx_word' id='word_1_26' title='bbox 726 740 901 812; x_wconf 84' lang='lat' dir='ltr'>dijudicandi</span> <span class='ocrx_word' id='word_1_27' title='bbox 915 751 1050 796; x_wconf 84' lang='lat' dir='ltr'>auctores.</span> <span class='ocrx_word' id='word_1_28' title='bbox 1069 739 1128 796; x_wconf 84' lang='lat' dir='ltr'>Alii</span> <span class='ocrx_word' id='word_1_29' title='bbox 1141 739 1288 796; x_wconf 84' lang='lat' dir='ltr'>historiam</span> <span class='ocrx_word' id='word_1_30' title='bbox 1298 743 1383 800; x_wconf 86' lang='lat' dir='ltr'>¹scri-</span> 
     </span>
     <span class='ocr_line' id='line_1_5' title="bbox 337 831 1384 908; baseline 0 -20"><span class='ocrx_word' id='word_1_31' title='bbox 337 834 421 904; x_wconf 88' lang='lat' dir='ltr'>bunt,</span> <span class='ocrx_word' id='word_1_32' title='bbox 434 834 585 893; x_wconf 85' lang='lat' dir='ltr'>nominatis</span> <span class='ocrx_word' id='word_1_33' title='bbox 598 833 715 889; x_wconf 88' lang='lat' dir='ltr'>testibus</span> <span class='ocrx_word' id='word_1_34' title='bbox 728 834 829 903; x_wconf 89' lang='lat' dir='ltr'>nullis,</span> <span class='ocrx_word' id='word_1_35' title='bbox 839 834 918 908; x_wconf 86' lang='lat' dir='ltr'>quod</span> <span class='ocrx_word' id='word_1_36' title='bbox 931 833 1045 907; x_wconf 91' lang='lat' dir='ltr'>quidem</span> <span class='ocrx_word' id='word_1_37' title='bbox 1058 831 1270 906; x_wconf 85' lang='lat' dir='ltr'>compendiario</span> <span class='ocrx_word' id='word_1_38' title='bbox 1285 835 1384 908; x_wconf 87' lang='lat' dir='ltr'>serip-</span> 
     </span>
     <span class='ocr_line' id='line_1_6' title="bbox 338 924 1382 999; baseline 0 -19"><span class='ocrx_word' id='word_1_39' title='bbox 338 924 408 994; x_wconf 84' lang='lat' dir='ltr'>tori,</span> <span class='ocrx_word' id='word_1_40' title='bbox 425 925 555 981; x_wconf 90' lang='lat' dir='ltr'>simodo</span> <span class='ocrx_word' id='word_1_41' title='bbox 577 925 637 998; x_wconf 91' lang='lat' dir='ltr'>ipse</span> <span class='ocrx_word' id='word_1_42' title='bbox 661 925 781 998; x_wconf 85' lang='lat' dir='ltr'>diligens</span> <span class='ocrx_word' id='word_1_43' title='bbox 801 926 885 982; x_wconf 82' lang='lat' dir='ltr'>inerit</span> <span class='ocrx_word' id='word_1_44' title='bbox 898 925 1018 980; x_wconf 80' lang='lat' dir='ltr'>sontium</span> <span class='ocrx_word' id='word_1_45' title='bbox 1034 935 1236 999; x_wconf 81' lang='lat' dir='ltr'>perscrutator,</span> <span class='ocrx_word' id='word_1_46' title='bbox 1255 924 1297 978; x_wconf 84' lang='lat' dir='ltr'>fas</span> <span class='ocrx_word' id='word_1_47' title='bbox 1319 944 1382 980; x_wconf 78' lang='lat' dir='ltr'>esse·</span> 
     </span>
     <span class='ocr_line' id='line_1_7' title="bbox 338 1015 1384 1089; baseline 0 -18"><span class='ocrx_word' id='word_1_48' title='bbox 338 1017 419 1072; x_wconf 90' lang='lat' dir='ltr'>duco.</span> <span class='ocrx_word' id='word_1_49' title='bbox 432 1017 466 1072; x_wconf 93' lang='lat' dir='ltr'>Id</span> <span class='ocrx_word' id='word_1_50' title='bbox 479 1017 555 1071; x_wconf 91' lang='lat' dir='ltr'>enim</span> <span class='ocrx_word' id='word_1_51' title='bbox 568 1016 712 1071; x_wconf 89' lang='lat' dir='ltr'>elementis</span> <span class='ocrx_word' id='word_1_52' title='bbox 720 1017 845 1072; x_wconf 87' lang='lat' dir='ltr'>historiae</span> <span class='ocrx_word' id='word_1_53' title='bbox 853 1015 955 1072; x_wconf 90' lang='lat' dir='ltr'>veteris</span> <span class='ocrx_word' id='word_1_54' title='bbox 965 1016 1142 1072; x_wconf 81' lang='lat' dir='ltr'>addiscendis</span> <span class='ocrx_word' id='word_1_55' title='bbox 1156 1033 1240 1089; x_wconf 88' lang='lat' dir='ltr'>quam</span> <span class='ocrx_word' id='word_1_56' title='bbox 1253 1016 1384 1076; x_wconf 81' lang='lat' dir='ltr'>maxime</span> 
     </span>
     <span class='ocr_line' id='line_1_8' title="bbox 337 1107 1382 1180; baseline 0 -16"><span class='ocrx_word' id='word_1_57' title='bbox 337 1107 479 1164; x_wconf 86' lang='lat' dir='ltr'>convenit.</span> <span class='ocrx_word' id='word_1_58' title='bbox 499 1107 557 1162; x_wconf 87' lang='lat' dir='ltr'>Sed</span> <span class='ocrx_word' id='word_1_59' title='bbox 574 1107 739 1163; x_wconf 86' lang='lat' dir='ltr'>eruditiores</span> <span class='ocrx_word' id='word_1_60' title='bbox 754 1109 841 1163; x_wconf 90' lang='lat' dir='ltr'>oculis</span> <span class='ocrx_word' id='word_1_61' title='bbox 859 1108 915 1163; x_wconf 92' lang='lat' dir='ltr'>suis</span> <span class='ocrx_word' id='word_1_62' title='bbox 928 1108 1043 1178; x_wconf 87' lang='lat' dir='ltr'>videre,</span> <span class='ocrx_word' id='word_1_63' title='bbox 1059 1109 1237 1180; x_wconf 86' lang='lat' dir='ltr'>diversasque</span> <span class='ocrx_word' id='word_1_64' title='bbox 1250 1107 1382 1164; x_wconf 87' lang='lat' dir='ltr'>rationes</span> 
     </span>
     <span class='ocr_line' id='line_1_9' title="bbox 337 1197 1384 1274; baseline 0.001 -19"><span class='ocrx_word' id='word_1_65' title='bbox 337 1201 494 1274; x_wconf 87' lang='lat' dir='ltr'>ponderare</span> <span class='ocrx_word' id='word_1_66' title='bbox 508 1200 617 1254; x_wconf 87' lang='lat' dir='ltr'>volunt.</span> <span class='ocrx_word' id='word_1_67' title='bbox 634 1199 821 1255; x_wconf 78' lang='lat' dir='ltr'>citationibus</span> <span class='ocrx_word' id='word_1_68' title='bbox 835 1197 1010 1273; x_wconf 90' lang='lat' dir='ltr'>superfluunt</span> <span class='ocrx_word' id='word_1_69' title='bbox 1024 1200 1086 1271; x_wconf 90' lang='lat' dir='ltr'>alii,</span> <span class='ocrx_word' id='word_1_70' title='bbox 1100 1199 1227 1274; x_wconf 87' lang='lat' dir='ltr'>quamvis</span> <span class='ocrx_word' id='word_1_71' title='bbox 1238 1199 1295 1272; x_wconf 91' lang='lat' dir='ltr'>ipsi</span> <span class='ocrx_word' id='word_1_72' title='bbox 1311 1219 1384 1256; x_wconf 85' lang='lat' dir='ltr'>raro</span> 
     </span>
     <span class='ocr_line' id='line_1_10' title="bbox 337 1291 1380 1365; baseline 0.002 -18"><span class='ocrx_word' id='word_1_73' title='bbox 337 1293 427 1348; x_wconf 82' lang='lat' dir='ltr'>fontes</span> <span class='ocrx_word' id='word_1_74' title='bbox 441 1291 578 1359; x_wconf 90' lang='lat' dir='ltr'>adierint,</span> <span class='ocrx_word' id='word_1_75' title='bbox 593 1292 780 1348; x_wconf 86' lang='lat' dir='ltr'>recentiorum</span> <span class='ocrx_word' id='word_1_76' title='bbox 799 1293 947 1365; x_wconf 87' lang='lat' dir='ltr'>opiniones</span> <span class='ocrx_word' id='word_1_77' title='bbox 971 1304 1097 1350; x_wconf 86' lang='lat' dir='ltr'>veterum</span> <span class='ocrx_word' id='word_1_78' title='bbox 1115 1291 1277 1348; x_wconf 87' lang='lat' dir='ltr'>immiscent</span> <span class='ocrx_word' id='word_1_79' title='bbox 1296 1295 1380 1349; x_wconf 91' lang='lat' dir='ltr'>testi-</span> 
     </span>
     <span class='ocr_line' id='line_1_11' title="bbox 336 1373 906 1456; baseline -0.002 -16"><span class='ocrx_word' id='word_1_80' title='bbox 336 1384 455 1453; x_wconf 90' lang='lat' dir='ltr'>moniis,</span> <span class='ocrx_word' id='word_1_81' title='bbox 474 1395 526 1439; x_wconf 89' lang='lat' dir='ltr'>n&#39;ec</span> <span class='ocrx_word' id='word_1_82' title='bbox 539 1403 556 1439; x_wconf 91' lang='lat' dir='ltr'>a</span> <span class='ocrx_word' id='word_1_83' title='bbox 568 1373 642 1440; x_wconf 85' lang='lat' dir='ltr'>veris</span> <span class='ocrx_word' id='word_1_84' title='bbox 655 1384 724 1439; x_wconf 87' lang='lat' dir='ltr'>falsa</span> <span class='ocrx_word' id='word_1_85' title='bbox 742 1383 906 1456; x_wconf 86' lang='lat' dir='ltr'>dijudicant.</span> 
     </span>
    </p>

    <p class='ocr_par' dir='ltr' id='par_1_3' title="bbox 375 1475 1382 1550">
     <span class='ocr_line' id='line_1_12' title="bbox 375 1475 1382 1550; baseline 0.002 -20"><span class='ocrx_word' id='word_1_86' title='bbox 375 1479 398 1547; x_wconf 90' lang='lat' dir='ltr'>I.</span> <span class='ocrx_word' id='word_1_87' title='bbox 421 1476 567 1530; x_wconf 89' lang='lat' dir='ltr'>Innumeri</span> <span class='ocrx_word' id='word_1_88' title='bbox 579 1476 637 1530; x_wconf 80' lang='lat' dir='ltr'>iere</span> <span class='ocrx_word' id='word_1_89' title='bbox 650 1487 714 1530; x_wconf 93' lang='lat' dir='ltr'>sunt</span> <span class='ocrx_word' id='word_1_90' title='bbox 730 1476 855 1531; x_wconf 91' lang='lat' dir='ltr'>Cornelii</span> <span class='ocrx_word' id='word_1_91' title='bbox 868 1477 937 1544; x_wconf 92' lang='lat' dir='ltr'>loci,</span> <span class='ocrx_word' id='word_1_92' title='bbox 951 1476 1052 1550; x_wconf 90' lang='lat' dir='ltr'>quibus</span> <span class='ocrx_word' id='word_1_93' title='bbox 1066 1495 1102 1532; x_wconf 90' lang='lat' dir='ltr'>ex</span> <span class='ocrx_word' id='word_1_94' title='bbox 1119 1476 1180 1532; x_wconf 87' lang='lat' dir='ltr'>aliis</span> <span class='ocrx_word' id='word_1_95' title='bbox 1198 1475 1382 1545; x_wconf 90' lang='lat' dir='ltr'>auctoribus,</span> 
     </span>
    </p>

    <p class='ocr_par' dir='ltr' id='par_1_4' title="bbox 320 1565 1381 1645">
     <span class='ocr_line' id='line_1_13' title="bbox 320 1565 1381 1645; baseline 0.001 -22"><span class='ocrx_word' id='word_1_96' title='bbox 320 1567 399 1645; x_wconf 85' lang='lat' dir='ltr'>¹pari</span> <span class='ocrx_word' id='word_1_97' title='bbox 418 1577 466 1622; x_wconf 86' lang='lat' dir='ltr'>aut</span> <span class='ocrx_word' id='word_1_98' title='bbox 483 1567 589 1638; x_wconf 85' lang='lat' dir='ltr'>majore</span> <span class='ocrx_word' id='word_1_99' title='bbox 606 1565 663 1622; x_wconf 90' lang='lat' dir='ltr'>fide</span> <span class='ocrx_word' id='word_1_100' title='bbox 682 1567 786 1641; x_wconf 86' lang='lat' dir='ltr'>dignis,</span> <span class='ocrx_word' id='word_1_101' title='bbox 803 1567 928 1641; x_wconf 91' lang='lat' dir='ltr'>suppleri</span> <span class='ocrx_word' id='word_1_102' title='bbox 945 1578 1039 1640; x_wconf 88' lang='lat' dir='ltr'>potest</span> <span class='ocrx_word' id='word_1_103' title='bbox 1054 1570 1098 1623; x_wconf 84' lang='lat' dir='ltr'>rel</span> <span class='ocrx_word' id='word_1_104' title='bbox 1118 1569 1203 1624; x_wconf 86' lang='lat' dir='ltr'>etiam</span> <span class='ocrx_word' id='word_1_105' title='bbox 1223 1567 1381 1624; x_wconf 85' lang='lat' dir='ltr'>emendari.</span> 
     </span>
    </p>

    <p class='ocr_par' dir='ltr' id='par_1_5' title="bbox 336 1659 1462 2923">
     <span class='ocr_line' id='line_1_14' title="bbox 336 1659 1383 1733; baseline 0.001 -19"><span class='ocrx_word' id='word_1_106' title='bbox 336 1659 435 1714; x_wconf 87' lang='lat' dir='ltr'>Varias</span> <span class='ocrx_word' id='word_1_107' title='bbox 453 1677 513 1726; x_wconf 91' lang='lat' dir='ltr'>res,</span> <span class='ocrx_word' id='word_1_108' title='bbox 534 1677 593 1732; x_wconf 83' lang='lat' dir='ltr'>quae</span> <span class='ocrx_word' id='word_1_109' title='bbox 612 1659 734 1714; x_wconf 86' lang='lat' dir='ltr'>historiae</span> <span class='ocrx_word' id='word_1_110' title='bbox 752 1659 914 1733; x_wconf 83' lang='lat' dir='ltr'>supplendae</span> <span class='ocrx_word' id='word_1_111' title='bbox 940 1670 968 1714; x_wconf 94' lang='lat' dir='ltr'>et</span> <span class='ocrx_word' id='word_1_112' title='bbox 990 1660 1189 1714; x_wconf 83' lang='lat' dir='ltr'>connectendas</span> <span class='ocrx_word' id='word_1_113' title='bbox 1208 1659 1383 1729; x_wconf 84' lang='lat' dir='ltr'>inserviunt,</span> 
     </span>
     <span class='ocr_line' id='line_1_15' title="bbox 337 1750 1381 1826; baseline 0.001 -21"><span class='ocrx_word' id='word_1_114' title='bbox 337 1750 440 1806; x_wconf 89' lang='lat' dir='ltr'>tabulis</span> <span class='ocrx_word' id='word_1_115' title='bbox 460 1751 670 1824; x_wconf 85' lang='lat' dir='ltr'>chronologicis</span> <span class='ocrx_word' id='word_1_116' title='bbox 689 1751 830 1806; x_wconf 90' lang='lat' dir='ltr'>indicabo.</span> <span class='ocrx_word' id='word_1_117' title='bbox 850 1751 903 1806; x_wconf 89' lang='lat' dir='ltr'>Hic</span> <span class='ocrx_word' id='word_1_118' title='bbox 921 1751 1042 1826; x_wconf 84' lang='lat' dir='ltr'>deligam</span> <span class='ocrx_word' id='word_1_119' title='bbox 1061 1751 1237 1824; x_wconf 89' lang='lat' dir='ltr'>potissimum</span> <span class='ocrx_word' id='word_1_120' title='bbox 1255 1769 1306 1806; x_wconf 88' lang='lat' dir='ltr'>eos</span> <span class='ocrx_word' id='word_1_121' title='bbox 1332 1753 1381 1806; x_wconf 94' lang='lat' dir='ltr'>lo-</span> 
     </span>
     <span class='ocr_line' id='line_1_16' title="bbox 338 1841 1382 1917; baseline 0 -19"><span class='ocrx_word' id='word_1_122' title='bbox 338 1861 399 1911; x_wconf 87' lang='lat' dir='ltr'>cos,</span> <span class='ocrx_word' id='word_1_123' title='bbox 419 1841 520 1914; x_wconf 88' lang='lat' dir='ltr'>quibus</span> <span class='ocrx_word' id='word_1_124' title='bbox 542 1842 703 1897; x_wconf 90' lang='lat' dir='ltr'>Cornelium</span> <span class='ocrx_word' id='word_1_125' title='bbox 725 1861 830 1898; x_wconf 89' lang='lat' dir='ltr'>errasse</span> <span class='ocrx_word' id='word_1_126' title='bbox 850 1853 898 1898; x_wconf 87' lang='lat' dir='ltr'>aut</span> <span class='ocrx_word' id='word_1_127' title='bbox 916 1843 1101 1917; x_wconf 85' lang='lat' dir='ltr'>negligentius</span> <span class='ocrx_word' id='word_1_128' title='bbox 1115 1842 1257 1915; x_wconf 89' lang='lat' dir='ltr'>scripsisse</span> <span class='ocrx_word' id='word_1_129' title='bbox 1274 1843 1382 1913; x_wconf 89' lang='lat' dir='ltr'>credo;</span> 
     </span>
     <span class='ocr_line' id='line_1_17' title="bbox 338 1931 1382 2008; baseline 0.002 -20"><span class='ocrx_word' id='word_1_130' title='bbox 338 1935 398 1989; x_wconf 91' lang='lat' dir='ltr'>no&#39;n</span> <span class='ocrx_word' id='word_1_131' title='bbox 415 1931 582 1996; x_wconf 83' lang='lat' dir='ltr'>detrahendi</span> <span class='ocrx_word' id='word_1_132' title='bbox 599 1934 692 2006; x_wconf 90' lang='lat' dir='ltr'>aliqua</span> <span class='ocrx_word' id='word_1_133' title='bbox 715 1934 868 2008; x_wconf 88' lang='lat' dir='ltr'>cupiditate</span> <span class='ocrx_word' id='word_1_134' title='bbox 890 1934 1003 2004; x_wconf 89' lang='lat' dir='ltr'>ductus,</span> <span class='ocrx_word' id='word_1_135' title='bbox 1024 1935 1072 1990; x_wconf 92' lang='lat' dir='ltr'>sed</span> <span class='ocrx_word' id='word_1_136' title='bbox 1092 1934 1217 1990; x_wconf 84' lang='lat' dir='ltr'>veritatis</span> <span class='ocrx_word' id='word_1_137' title='bbox 1236 1934 1382 1990; x_wconf 85' lang='lat' dir='ltr'>historicae</span> 
     </span>
     <span class='ocr_line' id='line_1_18' title="bbox 339 2025 1382 2100; baseline 0 -18"><span class='ocrx_word' id='word_1_138' title='bbox 339 2025 449 2094; x_wconf 85' lang='lat' dir='ltr'>studio,</span> <span class='ocrx_word' id='word_1_139' title='bbox 465 2035 493 2080; x_wconf 89' lang='lat' dir='ltr'>et</span> <span class='ocrx_word' id='word_1_140' title='bbox 508 2025 649 2097; x_wconf 81' lang='lat' dir='ltr'>juventuti</span> <span class='ocrx_word' id='word_1_141' title='bbox 661 2025 832 2096; x_wconf 84' lang='lat' dir='ltr'>inserviens,</span> <span class='ocrx_word' id='word_1_142' title='bbox 846 2045 907 2100; x_wconf 84' lang='lat' dir='ltr'>quae</span> <span class='ocrx_word' id='word_1_143' title='bbox 921 2027 1019 2100; x_wconf 86' lang='lat' dir='ltr'>saepius</span> <span class='ocrx_word' id='word_1_144' title='bbox 1033 2037 1142 2082; x_wconf 85' lang='lat' dir='ltr'>veteres</span> <span class='ocrx_word' id='word_1_145' title='bbox 1156 2045 1255 2082; x_wconf 92' lang='lat' dir='ltr'>omnes</span> <span class='ocrx_word' id='word_1_146' title='bbox 1267 2027 1382 2082; x_wconf 84' lang='lat' dir='ltr'>laudari</span> 
     </span>
     <span class='ocr_line' id='line_1_19' title="bbox 339 2116 1381 2191; baseline -0.001 -18"><span class='ocrx_word' id='word_1_147' title='bbox 339 2136 397 2174; x_wconf 90' lang='lat' dir='ltr'>uno</span> <span class='ocrx_word' id='word_1_148' title='bbox 417 2136 467 2173; x_wconf 89' lang='lat' dir='ltr'>ore</span> <span class='ocrx_word' id='word_1_149' title='bbox 484 2117 569 2173; x_wconf 90' lang='lat' dir='ltr'>rebus</span> <span class='ocrx_word' id='word_1_150' title='bbox 588 2117 619 2172; x_wconf 87' lang='lat' dir='ltr'>in</span> <span class='ocrx_word' id='word_1_151' title='bbox 639 2116 770 2173; x_wconf 90' lang='lat' dir='ltr'>omnibus</span> <span class='ocrx_word' id='word_1_152' title='bbox 783 2116 878 2186; x_wconf 89' lang='lat' dir='ltr'>audit,</span> <span class='ocrx_word' id='word_1_153' title='bbox 898 2118 979 2173; x_wconf 90' lang='lat' dir='ltr'>etad</span> <span class='ocrx_word' id='word_1_154' title='bbox 998 2137 1046 2173; x_wconf 92' lang='lat' dir='ltr'>eos</span> <span class='ocrx_word' id='word_1_155' title='bbox 1064 2117 1254 2191; x_wconf 89' lang='lat' dir='ltr'>superstitiose</span> <span class='ocrx_word' id='word_1_156' title='bbox 1276 2117 1381 2172; x_wconf 88' lang='lat' dir='ltr'>colen-</span> 
     </span>
     <span class='ocr_line' id='line_1_20' title="bbox 339 2208 1381 2286; baseline -0.002 -20"><span class='ocrx_word' id='word_1_157' title='bbox 339 2209 395 2286; x_wconf 72' lang='lat' dir='ltr'>dos¹</span> <span class='ocrx_word' id='word_1_158' title='bbox 408 2209 540 2282; x_wconf 84' lang='lat' dir='ltr'>adigitur.</span> <span class='ocrx_word' id='word_1_159' title='bbox 559 2208 636 2264; x_wconf 89' lang='lat' dir='ltr'>Nihil</span> <span class='ocrx_word' id='word_1_160' title='bbox 653 2219 695 2264; x_wconf 91' lang='lat' dir='ltr'>est</span> <span class='ocrx_word' id='word_1_161' title='bbox 708 2208 798 2283; x_wconf 88' lang='lat' dir='ltr'>magis</span> <span class='ocrx_word' id='word_1_162' title='bbox 814 2209 936 2265; x_wconf 87' lang='lat' dir='ltr'>alienum</span> <span class='ocrx_word' id='word_1_163' title='bbox 951 2229 968 2264; x_wconf 91' lang='lat' dir='ltr'>a</span> <span class='ocrx_word' id='word_1_164' title='bbox 986 2229 1056 2265; x_wconf 84' lang='lat' dir='ltr'>vero</span> <span class='ocrx_word' id='word_1_165' title='bbox 1075 2209 1246 2284; x_wconf 84' lang='lat' dir='ltr'>antiquitatis</span> <span class='ocrx_word' id='word_1_166' title='bbox 1267 2210 1381 2278; x_wconf 90' lang='lat' dir='ltr'>studio,</span> 
     </span>
     <span class='ocr_line' id='line_1_21' title="bbox 339 2297 1381 2376; baseline -0.002 -18"><span class='ocrx_word' id='word_1_167' title='bbox 339 2320 425 2376; x_wconf 87' lang='lat' dir='ltr'>quum</span> <span class='ocrx_word' id='word_1_168' title='bbox 441 2301 601 2368; x_wconf 87' lang='lat' dir='ltr'>videamus,</span> <span class='ocrx_word' id='word_1_169' title='bbox 614 2301 692 2374; x_wconf 91' lang='lat' dir='ltr'>quod</span> <span class='ocrx_word' id='word_1_170' title='bbox 707 2319 791 2373; x_wconf 88' lang='lat' dir='ltr'>supra</span> <span class='ocrx_word' id='word_1_171' title='bbox 805 2299 916 2370; x_wconf 90' lang='lat' dir='ltr'>monui,</span> <span class='ocrx_word' id='word_1_172' title='bbox 934 2297 1103 2375; x_wconf 88' lang='lat' dir='ltr'>reprehendi</span> <span class='ocrx_word' id='word_1_173' title='bbox 1121 2320 1137 2355; x_wconf 89' lang='lat' dir='ltr'>a</span> <span class='ocrx_word' id='word_1_174' title='bbox 1155 2301 1307 2356; x_wconf 87' lang='lat' dir='ltr'>Plutarcho</span> <span class='ocrx_word' id='word_1_175' title='bbox 1319 2303 1381 2356; x_wconf 90' lang='lat' dir='ltr'>He-</span> 
     </span>
     <span class='ocr_line' id='line_1_22' title="bbox 338 2391 1380 2468; baseline -0.002 -20"><span class='ocrx_word' id='word_1_176' title='bbox 338 2393 513 2466; x_wconf 77' lang='lat' dir='ltr'>rodotum,a</span> <span class='ocrx_word' id='word_1_177' title='bbox 524 2392 619 2448; x_wconf 90' lang='lat' dir='ltr'>Plinio</span> <span class='ocrx_word' id='word_1_178' title='bbox 633 2392 807 2461; x_wconf 68' lang='lat' dir='ltr'>Cornelium</span> <span class='ocrx_word' id='word_1_179' title='bbox 819 2392 891 2468; x_wconf 79' lang='lat' dir='ltr'>nihil</span> <span class='ocrx_word' id='word_1_180' title='bbox 903 2393 992 2466; x_wconf 90' lang='lat' dir='ltr'>magis</span> <span class='ocrx_word' id='word_1_181' title='bbox 1002 2393 1136 2458; x_wconf 87' lang='lat' dir='ltr'>obtundit</span> <span class='ocrx_word' id='word_1_182' title='bbox 1147 2391 1292 2465; x_wconf 87' lang='lat' dir='ltr'>judicandi</span> <span class='ocrx_word' id='word_1_183' title='bbox 1306 2393 1380 2463; x_wconf 84' lang='lat' dir='ltr'>vim,</span> 
     </span>
     <span class='ocr_line' id='line_1_23' title="bbox 340 2483 1462 2559; baseline -0.003 -18"><span class='ocrx_word' id='word_1_184' title='bbox 340 2504 423 2559; x_wconf 88' lang='lat' dir='ltr'>quam</span> <span class='ocrx_word' id='word_1_185' title='bbox 441 2503 539 2541; x_wconf 88' lang='lat' dir='ltr'>acuere</span> <span class='ocrx_word' id='word_1_186' title='bbox 554 2483 676 2539; x_wconf 87' lang='lat' dir='ltr'>maxime</span> <span class='ocrx_word' id='word_1_187' title='bbox 692 2483 798 2540; x_wconf 90' lang='lat' dir='ltr'>debent</span> <span class='ocrx_word' id='word_1_188' title='bbox 809 2484 926 2556; x_wconf 87' lang='lat' dir='ltr'>juvenes</span> <span class='ocrx_word' id='word_1_189' title='bbox 943 2485 1067 2540; x_wconf 86' lang='lat' dir='ltr'>litterati.</span> <span class='ocrx_word' id='word_1_190' title='bbox 1084 2487 1156 2540; x_wconf 88' lang='lat' dir='ltr'>Nam</span> <span class='ocrx_word' id='word_1_191' title='bbox 1175 2503 1262 2557; x_wconf 90' lang='lat' dir='ltr'>quum</span> <span class='ocrx_word' id='word_1_192' title='bbox 1278 2484 1378 2557; x_wconf 84' lang='lat' dir='ltr'>saepis-</span> <span class='ocrx_word' id='word_1_193' title='bbox 1456 2491 1462 2500; x_wconf 89' lang='grc'><em>“</em></span> 
     </span>
     <span class='ocr_line' id='line_1_24' title="bbox 340 2572 1379 2652; baseline -0.003 -20"><span class='ocrx_word' id='word_1_194' title='bbox 340 2577 408 2634; x_wconf 89' lang='lat' dir='ltr'>sime</span> <span class='ocrx_word' id='word_1_195' title='bbox 424 2577 454 2631; x_wconf 90' lang='lat' dir='ltr'>in</span> <span class='ocrx_word' id='word_1_196' title='bbox 462 2586 555 2650; x_wconf 90' lang='lat' dir='ltr'>partes</span> <span class='ocrx_word' id='word_1_197' title='bbox 570 2575 693 2630; x_wconf 87' lang='lat' dir='ltr'>diversas</span> <span class='ocrx_word' id='word_1_198' title='bbox 711 2575 815 2630; x_wconf 87' lang='lat' dir='ltr'>abeant</span> <span class='ocrx_word' id='word_1_199' title='bbox 832 2575 958 2635; x_wconf 86' lang='lat' dir='ltr'>historici</span> <span class='ocrx_word' id='word_1_200' title='bbox 966 2586 1075 2630; x_wconf 88' lang='lat' dir='ltr'>veteres</span> <span class='ocrx_word' id='word_1_201' title='bbox 1088 2572 1379 2652; x_wconf 86' lang='lat' dir='ltr'>(quodideminnos-</span> 
     </span>
     <span class='ocr_line' id='line_1_25' title="bbox 340 2665 1380 2743; baseline -0.002 -18"><span class='ocrx_word' id='word_1_202' title='bbox 340 2682 384 2726; x_wconf 84' lang='lat' dir='ltr'>tra</span> <span class='ocrx_word' id='word_1_203' title='bbox 406 2667 523 2723; x_wconf 84' lang='lat' dir='ltr'>historia</span> <span class='ocrx_word' id='word_1_204' title='bbox 545 2666 660 2736; x_wconf 89' lang='lat' dir='ltr'>accidit,</span> <span class='ocrx_word' id='word_1_205' title='bbox 683 2677 711 2722; x_wconf 86' lang='lat' dir='ltr'>et</span> <span class='ocrx_word' id='word_1_206' title='bbox 729 2666 806 2740; x_wconf 93' lang='lat' dir='ltr'>quod</span> <span class='ocrx_word' id='word_1_207' title='bbox 823 2667 945 2722; x_wconf 86' lang='lat' dir='ltr'>humana</span> <span class='ocrx_word' id='word_1_208' title='bbox 963 2667 1017 2723; x_wconf 85' lang='lat' dir='ltr'>lert</span> <span class='ocrx_word' id='word_1_209' title='bbox 1037 2665 1204 2743; x_wconf 82' lang='lat' dir='ltr'>fragilitas),</span> <span class='ocrx_word' id='word_1_210' title='bbox 1219 2678 1267 2723; x_wconf 89' lang='lat' dir='ltr'>aut</span> <span class='ocrx_word' id='word_1_211' title='bbox 1284 2669 1380 2742; x_wconf 85' lang='lat' dir='ltr'>legent</span> 
     </span>
     <span class='ocr_line' id='line_1_26' title="bbox 340 2758 1379 2837; baseline -0.002 -21"><span class='ocrx_word' id='word_1_212' title='bbox 340 2779 389 2816; x_wconf 86' lang='lat' dir='ltr'>eos</span> <span class='ocrx_word' id='word_1_213' title='bbox 407 2761 466 2816; x_wconf 88' lang='lat' dir='ltr'>sine</span> <span class='ocrx_word' id='word_1_214' title='bbox 483 2759 589 2833; x_wconf 85' lang='lat' dir='ltr'>judicio</span> <span class='ocrx_word' id='word_1_215' title='bbox 607 2769 634 2814; x_wconf 89' lang='lat' dir='ltr'>et</span> <span class='ocrx_word' id='word_1_216' title='bbox 649 2758 709 2814; x_wconf 91' lang='lat' dir='ltr'>sine</span> <span class='ocrx_word' id='word_1_217' title='bbox 724 2760 781 2814; x_wconf 87' lang='lat' dir='ltr'>ulla</span> <span class='ocrx_word' id='word_1_218' title='bbox 800 2759 838 2815; x_wconf 90' lang='lat' dir='ltr'>ad</span> <span class='ocrx_word' id='word_1_219' title='bbox 855 2777 900 2814; x_wconf 91' lang='lat' dir='ltr'>res</span> <span class='ocrx_word' id='word_1_220' title='bbox 918 2769 1043 2837; x_wconf 84' lang='lat' dir='ltr'>narratas</span> <span class='ocrx_word' id='word_1_221' title='bbox 1062 2759 1230 2828; x_wconf 89' lang='lat' dir='ltr'>attentione,</span> <span class='ocrx_word' id='word_1_222' title='bbox 1247 2769 1295 2814; x_wconf 89' lang='lat' dir='ltr'>aut</span> <span class='ocrx_word' id='word_1_223' title='bbox 1311 2778 1379 2814; x_wconf 88' lang='lat' dir='ltr'>nes-</span> 
     </span>
     <span class='ocr_line' id='line_1_27' title="bbox 341 2849 923 2923; baseline -0.002 -17"><span class='ocrx_word' id='word_1_224' title='bbox 341 2853 428 2920; x_wconf 89' lang='lat' dir='ltr'>cient,</span> <span class='ocrx_word' id='word_1_225' title='bbox 441 2852 485 2906; x_wconf 91' lang='lat' dir='ltr'>cui</span> <span class='ocrx_word' id='word_1_226' title='bbox 497 2849 583 2906; x_wconf 89' lang='lat' dir='ltr'>fidem</span> <span class='ocrx_word' id='word_1_227' title='bbox 599 2849 738 2918; x_wconf 83' lang='lat' dir='ltr'>tribuant,</span> <span class='ocrx_word' id='word_1_228' title='bbox 754 2850 798 2905; x_wconf 90' lang='lat' dir='ltr'>cui</span> <span class='ocrx_word' id='word_1_229' title='bbox 812 2860 923 2923; x_wconf 78' lang='lat' dir='ltr'>negent.</span> 
     </span>
    </p>

    <p class='ocr_par' dir='ltr' id='par_1_6' title="bbox 340 2940 1385 4120">
     <span class='ocr_line' id='line_1_28' title="bbox 382 2940 1378 3017; baseline 0.001 -20"><span class='ocrx_word' id='word_1_230' title='bbox 382 2944 419 2997; x_wconf 90' lang='lat' dir='ltr'>II.</span> <span class='ocrx_word' id='word_1_231' title='bbox 440 2941 524 3011; x_wconf 83' lang='lat' dir='ltr'>Dixi,</span> <span class='ocrx_word' id='word_1_232' title='bbox 535 2940 616 3012; x_wconf 87' lang='lat' dir='ltr'>hujus</span> <span class='ocrx_word' id='word_1_233' title='bbox 629 2941 737 2996; x_wconf 89' lang='lat' dir='ltr'>dissert.</span> <span class='ocrx_word' id='word_1_234' title='bbox 752 2960 780 3014; x_wconf 92' lang='lat' dir='ltr'>p.</span> <span class='ocrx_word' id='word_1_235' title='bbox 800 2941 870 3017; x_wconf 82' lang='lat'>189,</span> <span class='ocrx_word' id='word_1_236' title='bbox 884 2961 929 2996; x_wconf 91' lang='lat' dir='ltr'>me</span> <span class='ocrx_word' id='word_1_237' title='bbox 948 2960 1008 2996; x_wconf 89' lang='lat' dir='ltr'>non</span> <span class='ocrx_word' id='word_1_238' title='bbox 1025 2943 1140 2998; x_wconf 86' lang='lat' dir='ltr'>credere</span> <span class='ocrx_word' id='word_1_239' title='bbox 1155 2943 1296 2998; x_wconf 88' lang='lat' dir='ltr'>Herodoti</span> <span class='ocrx_word' id='word_1_240' title='bbox 1315 2943 1378 2998; x_wconf 87' lang='lat' dir='ltr'>his-</span> 
     </span>
     <span class='ocr_line' id='line_1_29' title="bbox 342 3032 1379 3108; baseline -0.001 -18"><span class='ocrx_word' id='word_1_241' title='bbox 342 3034 443 3089; x_wconf 89' lang='lat' dir='ltr'>toriam</span> <span class='ocrx_word' id='word_1_242' title='bbox 462 3051 584 3105; x_wconf 86' lang='lat' dir='ltr'>unquam</span> <span class='ocrx_word' id='word_1_243' title='bbox 607 3032 637 3086; x_wconf 91' lang='lat' dir='ltr'>in</span> <span class='ocrx_word' id='word_1_244' title='bbox 663 3045 842 3106; x_wconf 86' lang='lat' dir='ltr'>conspectum</span> <span class='ocrx_word' id='word_1_245' title='bbox 861 3034 970 3090; x_wconf 85' lang='lat' dir='ltr'>venisse</span> <span class='ocrx_word' id='word_1_246' title='bbox 993 3032 1117 3090; x_wconf 90' lang='lat' dir='ltr'>Cornelii</span> <span class='ocrx_word' id='word_1_247' title='bbox 1134 3035 1259 3108; x_wconf 88' lang='lat' dir='ltr'>Nepotis.</span> <span class='ocrx_word' id='word_1_248' title='bbox 1276 3035 1379 3104; x_wconf 84' lang='lat' dir='ltr'>Erunt,</span> 
     </span>
     <span class='ocr_line' id='line_1_30' title="bbox 343 3123 1380 3199; baseline 0.002 -19"><span class='ocrx_word' id='word_1_249' title='bbox 343 3143 412 3199; x_wconf 92' lang='lat' dir='ltr'>quos</span> <span class='ocrx_word' id='word_1_250' title='bbox 425 3125 484 3178; x_wconf 87' lang='lat' dir='ltr'>baec</span> <span class='ocrx_word' id='word_1_251' title='bbox 497 3123 618 3196; x_wconf 88' lang='lat' dir='ltr'>suspicio</span> <span class='ocrx_word' id='word_1_252' title='bbox 632 3123 773 3194; x_wconf 80' lang='lat' dir='ltr'>offendet,</span> <span class='ocrx_word' id='word_1_253' title='bbox 786 3126 834 3199; x_wconf 92' lang='lat' dir='ltr'>qui</span> <span class='ocrx_word' id='word_1_254' title='bbox 847 3144 1007 3199; x_wconf 90' lang='lat' dir='ltr'>persuasum</span> <span class='ocrx_word' id='word_1_255' title='bbox 1019 3126 1074 3181; x_wconf 90' lang='lat' dir='ltr'>sibi</span> <span class='ocrx_word' id='word_1_256' title='bbox 1086 3126 1207 3196; x_wconf 85' lang='lat' dir='ltr'>hahent,</span> <span class='ocrx_word' id='word_1_257' title='bbox 1220 3127 1380 3182; x_wconf 88' lang='lat' dir='ltr'>auctoribus</span> 
     </span>
     <span class='ocr_line' id='line_1_31' title="bbox 342 3215 1380 3296; baseline 0.004 -24"><span class='ocrx_word' id='word_1_258' title='bbox 342 3217 435 3280; x_wconf 84' lang='lat' dir='ltr'>latinis</span> <span class='ocrx_word' id='word_1_259' title='bbox 448 3215 554 3272; x_wconf 88' lang='lat' dir='ltr'>aditum</span> <span class='ocrx_word' id='word_1_260' title='bbox 566 3216 686 3287; x_wconf 90' lang='lat' dir='ltr'>patuisse</span> <span class='ocrx_word' id='word_1_261' title='bbox 700 3217 737 3274; x_wconf 89' lang='lat' dir='ltr'>ad</span> <span class='ocrx_word' id='word_1_262' title='bbox 749 3221 860 3273; x_wconf 90' lang='lat' dir='ltr'>Graecos</span> <span class='ocrx_word' id='word_1_263' title='bbox 875 3237 973 3276; x_wconf 90' lang='lat' dir='ltr'>omnes</span> <span class='ocrx_word' id='word_1_264' title='bbox 980 3258 989 3286; x_wconf 93' lang='lat'>,</span> <span class='ocrx_word' id='word_1_265' title='bbox 1004 3218 1124 3292; x_wconf 89' lang='lat' dir='ltr'>illosque</span> <span class='ocrx_word' id='word_1_266' title='bbox 1137 3219 1208 3274; x_wconf 89' lang='lat' dir='ltr'>nulli</span> <span class='ocrx_word' id='word_1_267' title='bbox 1222 3221 1380 3296; x_wconf 89' lang='lat' dir='ltr'>pepercisse</span> 
     </span>
     <span class='ocr_line' id='line_1_32' title="bbox 342 3306 1381 3384; baseline 0.003 -19"><span class='ocrx_word' id='word_1_268' title='bbox 342 3328 434 3384; x_wconf 86' lang='lat' dir='ltr'>operae</span> <span class='ocrx_word' id='word_1_269' title='bbox 442 3311 494 3364; x_wconf 91' lang='lat' dir='ltr'>hos</span> <span class='ocrx_word' id='word_1_270' title='bbox 507 3308 672 3382; x_wconf 90' lang='lat' dir='ltr'>perlegendi</span> <span class='ocrx_word' id='word_1_271' title='bbox 681 3319 708 3364; x_wconf 91' lang='lat' dir='ltr'>et</span> <span class='ocrx_word' id='word_1_272' title='bbox 717 3306 878 3382; x_wconf 82' lang='lat' dir='ltr'>indagandi.</span> <span class='ocrx_word' id='word_1_273' title='bbox 888 3309 944 3365; x_wconf 92' lang='lat' dir='ltr'>Sed</span> <span class='ocrx_word' id='word_1_274' title='bbox 963 3310 1116 3384; x_wconf 86' lang='lat' dir='ltr'>cogitemus</span> <span class='ocrx_word' id='word_1_275' title='bbox 1135 3311 1279 3384; x_wconf 87' lang='lat' dir='ltr'>ingentem</span> <span class='ocrx_word' id='word_1_276' title='bbox 1290 3312 1381 3372; x_wconf 79' lang='lat' dir='ltr'>,firisse</span> 
     </span>
     <span class='ocr_line' id='line_1_33' title="bbox 342 3397 1381 3476; baseline 0.001 -18"><span class='ocrx_word' id='word_1_277' title='bbox 342 3403 453 3476; x_wconf 84' lang='lat' dir='ltr'>copiam</span> <span class='ocrx_word' id='word_1_278' title='bbox 461 3400 553 3458; x_wconf 87' lang='lat' dir='ltr'>omnis</span> <span class='ocrx_word' id='word_1_279' title='bbox 566 3401 677 3474; x_wconf 84' lang='lat' dir='ltr'>generis</span> <span class='ocrx_word' id='word_1_280' title='bbox 686 3401 826 3456; x_wconf 88' lang='lat' dir='ltr'>librorum</span> <span class='ocrx_word' id='word_1_281' title='bbox 839 3412 866 3456; x_wconf 90' lang='lat' dir='ltr'>et</span> <span class='ocrx_word' id='word_1_282' title='bbox 883 3403 958 3474; x_wconf 89' lang='lat' dir='ltr'>apud</span> <span class='ocrx_word' id='word_1_283' title='bbox 970 3405 1099 3470; x_wconf 86' lang='lat' dir='ltr'>Graecos,</span> <span class='ocrx_word' id='word_1_284' title='bbox 1115 3413 1142 3457; x_wconf 89' lang='lat' dir='ltr'>et</span> <span class='ocrx_word' id='word_1_285' title='bbox 1158 3397 1283 3459; x_wconf 89' lang='lat' dir='ltr'>Cornelii</span> <span class='ocrx_word' id='word_1_286' title='bbox 1296 3405 1381 3459; x_wconf 89' lang='lat' dir='ltr'>etiam</span> 
     </span>
     <span class='ocr_line' id='line_1_34' title="bbox 342 3491 1381 3569; baseline 0.002 -21"><span class='ocrx_word' id='word_1_287' title='bbox 342 3505 470 3566; x_wconf 89' lang='lat' dir='ltr'>tempore</span> <span class='ocrx_word' id='word_1_288' title='bbox 483 3491 559 3566; x_wconf 87' lang='lat' dir='ltr'>apud</span> <span class='ocrx_word' id='word_1_289' title='bbox 571 3494 731 3562; x_wconf 86' lang='lat' dir='ltr'>Romanos,</span> <span class='ocrx_word' id='word_1_290' title='bbox 745 3511 865 3566; x_wconf 86' lang='lat' dir='ltr'>quorum</span> <span class='ocrx_word' id='word_1_291' title='bbox 876 3493 992 3548; x_wconf 90' lang='lat' dir='ltr'>minima</span> <span class='ocrx_word' id='word_1_292' title='bbox 1002 3513 1066 3567; x_wconf 90' lang='lat' dir='ltr'>pars</span> <span class='ocrx_word' id='word_1_293' title='bbox 1076 3505 1184 3550; x_wconf 76' lang='lat' dir='ltr'>aetatem</span> <span class='ocrx_word' id='word_1_294' title='bbox 1195 3495 1274 3565; x_wconf 88' lang='lat' dir='ltr'>tulit,</span> <span class='ocrx_word' id='word_1_295' title='bbox 1288 3514 1381 3569; x_wconf 87' lang='lat' dir='ltr'>eoque</span> 
     </span>
     <span class='ocr_line' id='line_1_35' title="bbox 342 3583 1381 3658; baseline 0 -16"><span class='ocrx_word' id='word_1_296' title='bbox 342 3584 529 3642; x_wconf 87' lang='lat' dir='ltr'>difficiliorem</span> <span class='ocrx_word' id='word_1_297' title='bbox 541 3584 624 3639; x_wconf 80' lang='lat' dir='ltr'>fuisse</span> <span class='ocrx_word' id='word_1_298' title='bbox 637 3583 783 3640; x_wconf 89' lang='lat' dir='ltr'>delectum.</span> <span class='ocrx_word' id='word_1_299' title='bbox 801 3584 961 3658; x_wconf 89' lang='lat' dir='ltr'>Cogitemus</span> <span class='ocrx_word' id='word_1_300' title='bbox 982 3585 1059 3640; x_wconf 87' lang='lat' dir='ltr'>idem</span> <span class='ocrx_word' id='word_1_301' title='bbox 1078 3585 1211 3641; x_wconf 89' lang='lat' dir='ltr'>accidisse</span> <span class='ocrx_word' id='word_1_302' title='bbox 1228 3587 1332 3642; x_wconf 86' lang='lat' dir='ltr'>Graecis</span> <span class='ocrx_word' id='word_1_303' title='bbox 1349 3597 1381 3642; x_wconf 81' lang='lat' dir='ltr'>ac</span> 
     </span>
     <span class='ocr_line' id='line_1_36' title="bbox 342 3677 1381 3752; baseline 0 -17"><span class='ocrx_word' id='word_1_304' title='bbox 342 3677 577 3751; x_wconf 85' lang='lat' dir='ltr'>Romanis,quod</span> <span class='ocrx_word' id='word_1_305' title='bbox 584 3677 826 3751; x_wconf 90' lang='lat' dir='ltr'>nobis,spernere</span> <span class='ocrx_word' id='word_1_306' title='bbox 833 3695 1037 3750; x_wconf 89' lang='lat' dir='ltr'>nonnunquam</span> <span class='ocrx_word' id='word_1_307' title='bbox 1045 3678 1221 3752; x_wconf 86' lang='lat' dir='ltr'>etnegligcre</span> <span class='ocrx_word' id='word_1_308' title='bbox 1231 3679 1381 3735; x_wconf 90' lang='lat' dir='ltr'>librosbo·</span> 
     </span>
     <span class='ocr_line' id='line_1_37' title="bbox 340 3767 1383 3844; baseline 0.001 -19"><span class='ocrx_word' id='word_1_309' title='bbox 340 3789 395 3826; x_wconf 89' lang='lat' dir='ltr'>nos</span> <span class='ocrx_word' id='word_1_310' title='bbox 408 3767 595 3842; x_wconf 74' lang='lat' dir='ltr'>anticpriores,</span> <span class='ocrx_word' id='word_1_311' title='bbox 612 3778 640 3824; x_wconf 92' lang='lat' dir='ltr'>et</span> <span class='ocrx_word' id='word_1_312' title='bbox 654 3787 708 3843; x_wconf 91' lang='lat' dir='ltr'>pro</span> <span class='ocrx_word' id='word_1_313' title='bbox 721 3769 977 3840; x_wconf 78' lang='lat' dir='ltr'>praesmntiorihus‚</span> <span class='ocrx_word' id='word_1_314' title='bbox 994 3769 1128 3824; x_wconf 86' lang='lat' dir='ltr'>novitatis</span> <span class='ocrx_word' id='word_1_315' title='bbox 1141 3771 1246 3844; x_wconf 85' lang='lat' dir='ltr'>gratia,</span> <span class='ocrx_word' id='word_1_316' title='bbox 1263 3771 1298 3826; x_wconf 92' lang='lat' dir='ltr'>ad</span> <span class='ocrx_word' id='word_1_317' title='bbox 1312 3783 1383 3826; x_wconf 91' lang='lat' dir='ltr'>tem-</span> 
     </span>
     <span class='ocr_line' id='line_1_38' title="bbox 341 3860 1385 3936; baseline -0.001 -18"><span class='ocrx_word' id='word_1_318' title='bbox 341 3882 393 3936; x_wconf 93' lang='lat' dir='ltr'>pus</span> <span class='ocrx_word' id='word_1_319' title='bbox 416 3862 520 3916; x_wconf 90' lang='lat' dir='ltr'>habere</span> <span class='ocrx_word' id='word_1_320' title='bbox 542 3862 628 3929; x_wconf 87' lang='lat' dir='ltr'>alios,</span> <span class='ocrx_word' id='word_1_321' title='bbox 654 3862 701 3934; x_wconf 91' lang='lat' dir='ltr'>qui</span> <span class='ocrx_word' id='word_1_322' title='bbox 725 3879 822 3918; x_wconf 85' lang='lat' dir='ltr'>revera</span> <span class='ocrx_word' id='word_1_323' title='bbox 846 3872 927 3918; x_wconf 90' lang='lat' dir='ltr'>erant</span> <span class='ocrx_word' id='word_1_324' title='bbox 951 3861 1068 3917; x_wconf 90' lang='lat' dir='ltr'>minoris</span> <span class='ocrx_word' id='word_1_325' title='bbox 1091 3863 1175 3935; x_wconf 88' lang='lat' dir='ltr'>pretii</span> <span class='ocrx_word' id='word_1_326' title='bbox 1199 3873 1227 3918; x_wconf 90' lang='lat' dir='ltr'>et</span> <span class='ocrx_word' id='word_1_327' title='bbox 1252 3860 1328 3918; x_wconf 89' lang='lat' dir='ltr'>fidei.</span> <span class='ocrx_word' id='word_1_328' title='bbox 1353 3863 1385 3918; x_wconf 88' lang='lat' dir='ltr'>Si</span> 
     </span>
     <span class='ocr_line' id='line_1_39' title="bbox 342 3954 1385 4032; baseline 0 -22"><span class='ocrx_word' id='word_1_329' title='bbox 342 3955 473 4032; x_wconf 83' lang='lat' dir='ltr'>exemplo</span> <span class='ocrx_word' id='word_1_330' title='bbox 494 3972 564 4027; x_wconf 92' lang='lat' dir='ltr'>opus</span> <span class='ocrx_word' id='word_1_331' title='bbox 584 3963 638 4022; x_wconf 90' lang='lat' dir='ltr'>est,</span> <span class='ocrx_word' id='word_1_332' title='bbox 656 3972 782 4026; x_wconf 79' lang='lat' dir='ltr'>provoco</span> <span class='ocrx_word' id='word_1_333' title='bbox 803 3955 839 4011; x_wconf 93' lang='lat' dir='ltr'>ad</span> <span class='ocrx_word' id='word_1_334' title='bbox 857 3973 905 4024; x_wconf 91' lang='lat' dir='ltr'>ea,</span> <span class='ocrx_word' id='word_1_335' title='bbox 926 3973 987 4028; x_wconf 84' lang='lat' dir='ltr'>quae</span> <span class='ocrx_word' id='word_1_336' title='bbox 999 3955 1099 4010; x_wconf 89' lang='lat' dir='ltr'>Cicero</span> <span class='ocrx_word' id='word_1_337' title='bbox 1116 3954 1189 4010; x_wconf 83' lang='lat' dir='ltr'>dixit</span> <span class='ocrx_word' id='word_1_338' title='bbox 1210 3955 1245 4011; x_wconf 91' lang='lat' dir='ltr'>de</span> <span class='ocrx_word' id='word_1_339' title='bbox 1268 3955 1385 4011; x_wconf 87' lang='lat' dir='ltr'>Catonis</span> 
     </span>
     <span class='ocr_line' id='line_1_40' title="bbox 341 4043 1383 4120; baseline 0.002 -17"><span class='ocrx_word' id='word_1_340' title='bbox 341 4043 517 4119; x_wconf 87' lang='lat' dir='ltr'>Originibus,</span> <span class='ocrx_word' id='word_1_341' title='bbox 530 4045 683 4118; x_wconf 89' lang='lat' dir='ltr'>eademque</span> <span class='ocrx_word' id='word_1_342' title='bbox 697 4045 843 4102; x_wconf 85' lang='lat' dir='ltr'>occasione</span> <span class='ocrx_word' id='word_1_343' title='bbox 861 4046 896 4101; x_wconf 91' lang='lat' dir='ltr'>de</span> <span class='ocrx_word' id='word_1_344' title='bbox 913 4046 1077 4120; x_wconf 85' lang='lat' dir='ltr'>Thucydide</span> <span class='ocrx_word' id='word_1_345' title='bbox 1094 4057 1122 4102; x_wconf 89' lang='lat' dir='ltr'>et</span> <span class='ocrx_word' id='word_1_346' title='bbox 1135 4047 1172 4102; x_wconf 92' lang='lat' dir='ltr'>de</span> <span class='ocrx_word' id='word_1_347' title='bbox 1183 4047 1318 4120; x_wconf 83' lang='lat' dir='ltr'>Philisto,</span> <span class='ocrx_word' id='word_1_348' title='bbox 1332 4067 1383 4106; x_wconf 70' lang='lat' dir='ltr'>ex«,</span> 
     </span>
    </p>
   </div>
   <div class='ocr_carea' id='block_1_3' title="bbox 0 0 1564 5032">
    <p class='ocr_par' dir='ltr' id='par_1_7' title="bbox 0 0 1564 5032">
     <span class='ocr_line' id='line_1_41' title="bbox 0 0 1564 5032; baseline 0 0"><span class='ocrx_word' id='word_1_349' title='bbox 0 0 1564 5032; x_wconf 95' lang='lat' dir='ltr'> </span> 
     </span>
    </p>
   </div>
  </div>
 </body>
</html>
