3168 5048
369 441 423 477 rra
703 423 885 504 conulent
899 421 1056 476 NEPOTIS

366 547 533 617 moderate
553 544 645 635 tulit,
668 560 706 615 ut
723 571 829 640 neque
845 571 922 616 eum
941 559 1132 639 querentem
1149 547 1322 638 quisquam
1344 571 1407 614 au·

367 666 478 755 di'erit,
496 690 601 758 neque
622 690 660 734 eo
679 665 788 733 minus
809 666 944 760 privatis
962 664 1165 759 publicisque
1184 665 1282 734 rebus
1301 666 1407 734 intere

366 785 474 855 fuerit.
493 785 653 856 Veniebat
669 761 778 854 autem
795 786 829 852 in
846 785 1026 871 theatrum,
1041 808 1144 876 quum
1162 783 1406 853 ibiconcilium

369 905 483 1000 populi
504 904 695 992 haberetur,
717 918 852 997 propter
873 900 1092 972 valetudinem
1111 918 1224 973 vectus
1242 904 1407 996 jumentis

365 1006 505 1119 junctis,
523 1039 621 1118 atque
639 1025 684 1093 ita
701 1023 742 1092 de
759 1021 924 1112 vehiculo,
943 1048 1015 1116 quae
1036 1023 1244 1110 videbantur,
1261 1024 1402 1094 dicebat.

367 1149 481 1240 Neque
495 1145 559 1213 hoc
575 1142 621 1213 illi
638 1145 810 1237 quisquam
825 1143 991 1211 tribuebat
1008 1142 1167 1236 superbire
1185 1168 1194 1210 ε
1212 1142 1295 1210 nihil
1312 1145 1405 1212 enim

367 1289 515 1359 unquam
536 1288 642 1356 neque
665 1262 821 1351 insolens,
845 1286 950 1354 neque
971 1259 1169 1355 gloriosum,
1189 1286 1228 1330 ex
1249 1245 1312 1331 ore=
1328 1262 1404 1354 ejus

368 1370 455 1453 exiit.
475 1383 542 1470 Qui
560 1380 708 1475 quidem,
725 1406 828 1474 quum
846 1406 920 1450 suas
937 1380 1049 1450 laudes
1066 1380 1194 1450 audiret
1214 1380 1403 1475 predicari,

369 1526 540 1594 nunquam
564 1498 653 1568 aliud
678 1499 772 1588 dixit,
797 1523 895 1593 quarn
920 1493 954 1568 se
975 1502 1010 1569 in
1032 1523 1070 1567 ea
1091 1523 1127 1568 re
1151 1499 1307 1568 maximas
1326 1501 1403 1569 Diis

369 1623 489 1716 gratias
502 1644 597 1714 agere
609 1633 707 1712 atque
720 1620 851 1707 habere,
864 1620 968 1713 quod,
982 1643 1090 1712 quum,
1099 1617 1240 1688 Siciliam
1254 1643 1403 1688 recreare

371 1741 629 1825 constituissent,
644 1753 715 1806 turn
730 1763 763 1807 se
776 1740 980 1833 potissimum
998 1739 1113 1806 ducem
1126 1714 1195 1806 esse
1208 1737 1400 1807 voluissent.

371 1857 462 1930 Nihil
475 1859 562 1926 enim
574 1883 685 1926 rerum
702 1859 921 1928 humanarum
934 1859 1003 1927 sine
1019 1862 1166 1927 Deorum
1179 1859 1313 1926 numine
1330 1862 1401 1950 geri

370 1978 518 2072 putabat.
542 1981 658 2070 Itaque
681 2003 747 2046 suae
771 1976 860 2045 domi
886 1976 1040 2046 sacellum
1064 1975 1255 2066 αὐτοματίας
1279 1980 1400 2047 consti·

371 2111 494 2184 tuerat,
512 2098 610 2190 idque
628 2099 827 2166 sanctissime
843 2096 978 2166 colebat.

417 2222 459 2288 V.
484 2216 535 2289 Ad
552 2219 638 2287 hanc
655 2218 795 2287 hominis
812 2214 1019 2285 excellentem
1037 2217 1216 2285 bonitatem
1235 2216 1398 2286 mirabiles

371 2353 575 2406 accesserunt
591 2362 694 2406 casus.
712 2339 797 2408 Nam
810 2333 924 2430 proelia
939 2337 1077 2404 maxima
1094 2335 1194 2405 natali
1208 2337 1260 2404 die
1277 2361 1336 2404 suo
1351 2336 1398 2405 fe-

361 2459 417 2527 'cit
427 2458 550 2544 omnia3
564 2481 629 2549 quo
643 2456 765 2525 factum
778 2471 841 2543 est,
851 2471 890 2523 ut
902 2454 1046 2547 ejusdem
1060 2454 1200 2523 natalem
1212 2455 1329 2524 festum
1341 2457 1398 2524 ha-

372 2578 462 2644 beret
475 2578 627 2648 universa
641 2574 756 2644 Sicilia.
773 2576 859 2644 Huic
871 2576 1004 2668 quidam
1017 2577 1198 2671 Lamestius
1205 2627 1215 2663 ,
1228 2577 1328 2644 homo
1340 2601 1398 2669 pe·

372 2694 481 2764 tulans
501 2710 534 2763 et
554 2695 717 2789 ingratus,
738 2694 959 2763 vadimonium
978 2719 1080 2787 quum
1100 2694 1196 2764 vellet
1217 2697 1399 2790 imponere,

372 2814 554 2904 quodcum
574 2810 630 2880 illo
651 2838 684 2882 se
702 2811 771 2907 lege
793 2838 888 2906 agere
909 2813 1042 2900 diceret,
1064 2829 1097 2882 et
1118 2814 1301 2908 complures
1321 2839 1400 2882 con·

255 2953 257 2960 ’
373 2933 567 3018 currissent,
589 2933 646 3023 qui
666 2933 896 3025 procacitatem
918 2933 1058 3002 hominis
1080 2934 1230 3002 manibus
1251 2958 1398 3002 coercere

259 3057 264 3066 '
373 3064 588 3137 conarentur;
615 3047 784 3152 Timoleon
811 3054 916 3120 oravit
940 3077 1070 3141 omnes,
1096 3077 1137 3120 ne
1162 3053 1196 3120 id
1219 3054 1396 3122 facerent:

373 3193 513 3271 namque
536 3169 569 3236 id
587 3184 624 3240 ut
648 3172 812 3240 Lamestio
830 3173 1007 3264 ceterisque
1032 3171 1159 3259 liceret,
1185 3198 1219 3241 se
1242 3174 1399 3240 maximos
1444 3205 1450 3218 ·

373 3287 499 3357 labores
520 3313 708 3382 summaque
726 3290 841 3359 adiisse
863 3290 1021 3384 pericula3
1046 3292 1131 3359 hanc
1153 3293 1240 3360 enim
1260 3294 1398 3386 speciem

372 3406 530 3476 libertatis
548 3433 630 3496 esse,
650 3409 676 3478 si
696 3411 862 3497 omnibus,
881 3410 969 3502 quod
991 3411 1127 3503 quisque
1145 3410 1258 3500 vellet,
1274 3413 1398 3506 legibus

373 3529 511 3620 experiri
534 3526 653 3596 liceret.
679 3528 788 3615 Idem,
812 3554 914 3623 quum
938 3531 1070 3625 quidam
1091 3532 1245 3599 Lamestii
1269 3529 1398 3617 similis,

374 3647 505 3713 nomine
525 3651 747 3734 Demaenetus,
769 3650 804 3715 in
822 3623 978 3718 concione
996 3649 1109 3745 populi
1130 3651 1170 3720 de
1187 3651 1284 3734 rebus
1303 3652 1398 3745 gestis

374 3764 444 3856 ejus
462 3765 630 3833 detrahere
647 3767 810 3860 coepisset,
829 3793 867 3836 ac
888 3768 1047 3838 nonnulla
1064 3770 1271 3838 inveheretur
1288 3771 1323 3837 in
1342 3771 1397 3838 Ti-

374 3883 552 3973 moleonta,
573 3884 668 3972 dixit,
691 3909 780 3954 nunc
801 3888 931 3956 demum
950 3913 984 3957 se
1004 3890 1071 3956 voti
1092 3913 1160 3958 esse
1184 3889 1398 3957 damnatum:

376 4027 515 4096 namque
539 4004 602 4072 hoc
624 4030 642 4072 a
664 4007 735 4074 Diis
756 4007 992 4077 immortalibus
1013 4033 1139 4103 semper
1159 4024 1342 4104 precatum,
1365 4022 1402 4076 ut
