3114 5032
422 477 424 489 '
443 438 450 494 i
519 481 838 537 OBSERVATIONES.
1121 493 1124 502 ’
1144 483 1198 556 193

160 609 347 666 offenduntur
364 611 394 664 iu
407 609 550 677 omnibus,
568 618 643 662 recte
657 607 818 678 judicantur
833 609 921 664 iidem
937 629 1034 668 omues
1051 613 1128 684 ducti
1141 633 1200 670 esse

160 719 200 756 ex
220 702 321 756 eodem
337 701 430 769 fonte,
450 719 540 772 eoque
559 699 725 772 posterioris
742 701 794 755 aevi
811 700 870 756 sive
888 721 952 757 casu
970 703 1028 758 sive
1048 705 1128 778 culpa
1142 706 1199 778 jam
1290 773 1291 780 ἵ

160 803 307 865 corrupto.
323 793 404 846 Valet
421 791 515 864 itaque
531 791 566 846 de
582 790 701 863 Nepotis
719 791 938 864 Imperatoribus
954 793 1042 862 idem,
1057 797 1136 867 quod
1151 815 1199 853 ce-

160 883 329 938 leberrimus
342 893 370 937 et
388 883 510 955 optimus
527 883 579 952 vir,
595 885 621 938 J.
639 884 804 952 nnmesti
818 885 1018 956 pronunciavit
1034 886 1070 941 de
1091 889 1199 956 Tacito,
1280 951 1284 957 ¹

159 974 240 1034 Praei.
258 993 286 1048 p.
306 973 339 1037 16
358 993 393 1027 :a
404 975 509 1030 Omnes
525 974 672 1029 varietates
690 973 855 1043 lectionum,
875 993 943 1048 quas
961 993 976 1030 e
995 976 1075 1031 libris
1092 979 1202 1051 scriptis
1271 965 1273 969 ⁸

156 1077 274 1133 ‚notatas
289 1067 438 1135 habemus,
449 1066 565 1139 proprie
581 1083 640 1120 esse
656 1065 802 1122 varietates
818 1065 899 1122 unius
916 1067 1051 1140 exempli,
1064 1087 1125 1123 non
1137 1055 1201 1142 plu-

160 1157 257 1227 rium,
268 1177 329 1231 quae
344 1177 378 1213 ex
394 1157 456 1230 ipso
470 1158 622 1230 archetypo
638 1154 779 1212 fluxerint.
796 1156 878 1212 Unde
896 1155 941 1226 fit,
956 1169 986 1212 ut
1000 1160 1132 1215 omnibus
1150 1180 1201 1216 co-

146 1248 274 1316 ‘dicibus
287 1247 483 1321 comparandis
491 1247 563 1306 nihil
576 1248 651 1302 aliud
665 1245 738 1302 effici
751 1247 853 1320 possit,
866 1267 949 1321 quam
962 1260 1005 1318 ut,
1019 1250 1088 1322 quid
1100 1251 1134 1306 in
1142 1271 1202 1308 uno

162 1340 215 1396 illo
231 1342 410 1414 apographo,
424 1341 499 1396 unde
513 1340 534 1394 ii
549 1359 668 1418 venere,
685 1340 781 1408 fuerit,
796 1340 1005 1397 inveniamus.»

204 1433 241 1486 Il.
262 1432 415 1486 Conferens
434 1431 588 1487 editionem
604 1431 763 1504 principem
779 1431 847 1485 anni
867 1439 937 1502 1471
956 1453 1020 1488 cum
1037 1435 1203 1491 recentiori—

164 1525 231 1593 bus,
245 1543 306 1597 quae
318 1524 467 1580 Bosiauam
479 1527 525 1579 vel
539 1523 657 1579 omniuo
670 1525 716 1577 vel
731 1523 851 1578 maxima
867 1544 902 1580 ex
918 1537 997 1599 parte
1014 1509 1112 1583 secutae
1126 1540 1202 1599 sunt,

164 1617 350 1672 Staverniana
374 1634 488 1689 nempe,
514 1616 749 1688 Heusingeriana,
771 1617 949 1673 Fischeriana
972 1629 999 1674 et
1026 1621 1202 1691 Harlesiana,

163 1707 257 1780 reperi
276 1707 401 1780 pluribus
421 1707 451 1762 in
472 1708 540 1763 locis
562 1718 686 1779 receptas
710 1725 769 1762 esse
786 1727 802 1762 a
819 1710 905 1763 Bono
925 1711 1077 1766 anomalias
1102 1712 1202 1785 linguae

124 1835 126 1838 .
164 1797 272 1867 latinae,
287 1817 371 1870 qutun
386 1808 481 1854 tamen
494 1799 577 1854 editio
588 1798 724 1872 princeps
742 1790 862 1872 analoga
880 1809 907 1854 et
924 1799 1203 1858 recta'tueatuera-

143 1901 151 1948 Ῑ.
164 1890 234 1944 bent
252 1909 276 1944 e.
294 1907 320 1963 g.
339 1890 640 1946 editiones-nominatae
659 1909 772 1958 omnes,
788 1892 867 1946 Eum.
887 1911 915 1960 r,
934 1891 973 1946 6:
991 1893 1103 1966 praefuit
1120 1895 1202 1967 equi-

164 1991 225 2035 tum
244 1984 347 2036 alteroe
366 1983 429 2050 alae;
451 1981 553 2036 Timol.
578 2000 630 2050 111,
647 2000 664 2036 a
689 2001 695 2036 :
718 1981 805 2059 otium
823 1993 891 2037 totae
913 1983 1008 2038 insulae
1027 1985 1202 2055 conciliavit3

165 2073 262 2128 Thras.
280 2092 317 2142 11,
334 2091 349 2127 a
369 2091 508 2148 :quaeres
524 2072 580 2126 illis
594 2073 838 2129 contemnentibus
850 2075 973 2148 pernicii
986 2074 1051 2144 firit3
1065 2077 1201 2146 Thrae-1,

127 2175 128 2178 ’
167 2164 184 2220 5
202 2165 261 2222 :in
282 2166 359 2221 bello
379 2150 511 2238 parserat
524 2165 649 2234 fortuna3
666 2167 735 2238 Reg.
753 2185 779 2234 1,
800 2172 816 2232 4
838 2185 844 2220 :
866 2165 917 2220 illo
935 2167 1036 2221 Perses
1052 2187 1138 2223 nemo
1151 2169 1202 2224 fuit

166 2275 250 2311 manu
272 2257 386 2325 fortior3
405 2257 511 2312 habeut
529 2256 648 2317 Hamilc.
670 2277 696 2326 1,
717 2277 746 2326 ι,
768 2268 795 2313 et
813 2258 912 2313 Caton.
931 2277 984 2327 111,
1009 2257 1039 2327 3,
1056 2259 1202 2316 Poenicum

166 2348 285 2417 bellum;
301 2367 385 2420 quum
403 2359 498 2402 tamen
515 2348 602 2404 editio
620 2349 764 2422 princeps,
778 2349 838 2404 aliis
853 2349 884 2403 in
898 2349 968 2404 locis
984 2349 1061 2403 vitiis
1074 2368 1133 2405 non
1154 2362 1202 2404 ca*

91 2458 93 2462 ’
166 2457 244 2508 rens,
260 2439 307 2493 hic
326 2449 401 2494 recta
420 2449 513 2494 teneat
535 2450 582 2494 aut
601 2441 689 2514 magis
708 2441 805 2495 usitata
827 2461 833 2494 :
854 2443 950 2508 alteri,
972 2441 1033 2508 toti,
1052 2443 1200 2514 perniciei,

166 2541 345 2605 pepercerat,
365 2531 531 2598 Persarum,
550 2532 693 2586 Punicum.
708 2532 826 2588 Easdem
840 2531 972 2587 rectiores
985 2532 1120 2588 lectiones
1134 2551 1201 2588 con-

167 2620 273 2691 firmat,
289 2632 390 2695 praeter
404 2622 488 2692 alios,
506 2623 597 2686 codex
612 2623 790 2693 Thottianus,
808 2642 865 2679 uno
882 2635 990 2678 tantum
1002 2626 1066 2679 loeo
1080 2626 1159 2680 Eum.
1176 2645 1202 2694 1,
1267 2675 1269 2678 .

168 2714 198 2784 6,
212 2725 338 2787 excepto.
349 2707 429 2783 Seio,
445 2715 494 2770 vix
506 2716 594 2770 ullum
607 2717 652 2770 vel
665 2715 898 2788 elegantissimum
911 2715 1090 2788 scriptorem,
1104 2735 1140 2772 ex
1152 2735 1203 2771 an-

167 2806 249 2881 tiquis
265 2826 342 2879 oeque
362 2826 394 2862 ac
412 2823 427 2862 e
445 2807 561 2876 nostris,
581 2817 638 2862 tam
659 2807 742 2863 fuisse
761 2825 871 2880 semper
892 2808 929 2862 ad
949 2809 1059 2880 regulas
1080 2807 1202 2880 purioris

168 2900 230 2976 styli
248 2911 397 2969 attentum,
414 2911 603 2974 utnunquam
620 2900 800 2966 aberraverit.
822 2887 1001 2973 Quandoque
1020 2900 1112 2956 bonus
1130 2901 1202 2956 dor-

167 2990 246 3045 mitat
261 2993 408 3046 Homerus.
422 2991 486 3046 Scio
499 2991 597 3061 etiam,
614 2991 717 3065 regulis
732 2991 917 3065 grammaticae
929 2991 1091 3065 vulgaribus
1101 3011 1201 3065 super-

168 3083 273 3136 stitiose
289 3082 556 3157 inhaerendum'non
573 3103 645 3152 esse,
659 3094 686 3139 et
700 3102 783 3156 posse
800 3084 940 3139 interdum
955 3083 991 3140 ab
1009 3084 1043 3140 iis
1058 3085 1165 3154 recedi,
1178 3085 1202 3140 si

169 3173 271 3230 dentur
282 3176 410 3247 exempla
422 3175 494 3230 bene
508 3175 706 3248 comprobata,
720 3176 859 3248 elegantes
872 3187 998 3230 auctores
1008 3175 1090 3231 aliter
1102 3176 1202 3248 saepius

169 3267 317 3340 scripsisse.
334 3267 390 3322 Sed
405 3265 561 3336 crederem,
578 3285 637 3322 esse
655 3267 725 3321 boni
743 3267 844 3336 critici,
857 3276 888 3346 ut
906 3285 966 3322 non
979 3267 1034 3322 nisi
1052 3267 1157 3321 invitus
1174 3278 1202 3322 et

169 3358 352 3434 complurium
366 3358 497 3414 vcodicum
513 3359 676 3416 auctoritate
694 3358 772 3432 quasi
793 3368 918 3428 coaetus,
935 3357 1063 3413 admittat
1078 3375 1123 3425 ea,
1142 3375 1202 3430 quae
1252 3415 1254 3426 ,

170 3451 284 3506 suntab
303 3470 354 3506 usu
370 3462 399 3505 et
417 3450 519 3523 regulis
532 3451 636 3520 aliena3
656 3451 814 3519 crederem,
830 3469 926 3505 verum
941 3459 1000 3504 e'sse
1017 3447 1082 3502 artis
1101 3447 1202 3502 criticae

169 3540 267 3612 linem,
279 3561 340 3597 non
352 3525 460 3596 mutare
475 3542 505 3596 in
520 3541 611 3614 pejus,
626 3563 686 3616 quae
700 3554 775 3598 reete
794 3552 821 3596 et
841 3559 875 3596 ex
893 3538 1056 3595 auctoritate
1072 3538 1202 3594 codicum

171 3633 244 3688 edita
265 3633 323 3706 jam
342 3633 465 3703 fuerant,
488 3633 537 3688 sed
558 3633 667 3688 collatis
686 3634 843 3701 codicibus,
864 3629 1009 3706 perpensis
1031 3648 1066 3684 ex
1086 3641 1202 3702 utraque

170 3714 247 3798 parte
266 3725 435 3795 rationibus,
449 3724 590 3798 corrigere
606 3741 667 3797 quae
679 3725 830 3798 depravata
846 3733 918 3778 sunt.
937 3723 1048 3778 Excuso
1064 3721 1202 3795 quodam-

170 3817 256 3871 modo
270 3817 402 3883 Bosium,
417 3816 461 3872 cui
473 3815 582 3871 animus
590 3815 643 3870 fuit
651 3816 781 3888 praeferre
792 3815 875 3870 rectis
885 3815 1027 3883 anomala,
1040 3824 1067 3870 et
1077 3813 1132 3887 qui,
1140 3803 1203 3867 edi-

170 3908 276 3964 tionem
297 3908 455 3982 principem
474 3926 618 3981 nunquam
636 3908 789 3980 conspexit.
808 3907 839 3963 Si
860 3905 1063 3980 conspexisset,
1086 3905 1202 3959 sortasse

171 4018 229 4054 non
243 3985 337 4056 fuisset
357 4011 414 4056 tam
432 4000 594 4056 temerarius
610 4009 740 4056 mutator.
758 4000 816 4067 Sed
836 3997 980 4072 quomodo
998 3997 1097 4051 haberi
1110 3998 1202 4068 potest

172 4091 228 4164 ejus
238 4093 325 4150 editio
342 4104 466 4169 protam
479 4103 603 4172 correcta
620 4103 647 4148 et
659 4091 769 4160 limata,
782 4103 817 4148 ut
829 4092 865 4148 ad
881 4091 989 4164 apicem
1002 4107 1064 4144 eam
1075 4097 1203 4161 repetant

1019 4177 1060 4246 13
