3168 5048
592 469 828 559 aunonensi.
876 499 879 512 ¹
1079 544 1081 548 ,
1166 503 1220 580 159

194 655 301 700 venna
317 653 461 700 ccxxxix
474 651 501 698 Μ
517 651 617 722 pass,
635 629 791 721 antiquus
808 641 913 694 auctae
928 626 1030 696 Italia
1043 631 1221 720 terminus,

188 732 283 818 'nunc
301 773 378 816 vero
395 749 521 816 Istriae:
541 771 641 840 quarn
659 741 926 839 cognominatam
947 771 966 814 a
985 745 1119 817 flumine
1133 752 1219 820 Istro

192 871 228 937 in
245 869 402 938 Hadriam
422 866 576 938 effluente
594 891 613 936 e
629 866 786 935 Danubio
805 889 919 954 amne,
942 865 1112 959 eidemque
1134 873 1219 939 Istro

192 1013 233 1056 ex
249 987 386 1060 adverso
405 986 486 1056 Padi
503 985 627 1072 fauces,
646 970 814 1056 contrario
832 1009 946 1056 eorum
964 1009 1120 1078 percussu
1136 991 1219 1058 mari

127 1148 131 1157 ‹
191 1106 367 1198 interjecto
390 1103 612 1191 dulcescente,
637 1102 787 1197 plerique
809 1103 919 1172 dixere
936 1101 1033 1190 falso,
1058 1118 1090 1173 et
1108 1108 1219 1199 Nepos

191 1221 365 1294 Cornelius
383 1223 498 1310 etiam,
514 1223 595 1292 Padi
612 1207 730 1314 accola.
748 1224 837 1292 Pltiz.
856 1247 910 1311 111,
933 1224 985 1294 18.

238 1346 329 1413 VIII.
355 1341 455 1437 Alpes
480 1344 514 1409 in
536 1340 777 1436 longitudinem
795 1369 817 1412 x
839 1367 868 1414 Μ
889 1368 972 1436 pass.
996 1361 1108 1439 patere
1127 1371 1146 1416 a
1167 1371 1220 1416 su·

192 1485 273 1556 pero
294 1462 377 1536 mari
396 1461 438 1529 ad
456 1460 615 1548 inferum,
637 1460 756 1530 Caelius
775 1462 897 1547 tradit3
920 1463 1125 1556 Timagenes,
1146 1491 1217 1535 xxii

190 1603 219 1650 Μ
235 1604 319 1672 pass.
336 1579 485 1648 deductis
502 1581 564 1648 :in
582 1579 805 1665 latitudinem,
826 1579 1000 1652 Cornelius
1016 1583 1128 1675 Nepos
1144 1599 1237 1654 cent

192 1713 263 1768 tum
284 1721 329 1785 Μ,
358 1701 397 1768 T.
423 1700 537 1770 Livius
561 1699 624 1768 tria
645 1723 674 1771 Μ
695 1699 895 1787 stadiorum,
923 1716 1061 1794 uterque
1081 1701 1218 1774 diversis

191 1817 227 1885 in
244 1811 334 1886 loeis,
355 1817 443 1888 Plio.
462 1841 519 1905 111,
544 1842 596 1913 19.

237 1941 330 2006 Inter
353 1937 436 2006 duos
460 1939 639 2030 Bosporos,
658 1938 836 2009 Thracium
859 1953 892 2007 et
915 1938 1146 2026 Cimmerium,
1170 1939 1218 2008 di·
1329 2017 1332 2021 ,
1440 1987 1444 1998 ·

190 2069 280 2126 recto
300 2079 415 2140 cursu,
439 2069 476 2123 ut
495 2069 611 2125 auctor
635 2070 684 2124 est
703 2055 874 2148 Polybius,
896 2079 928 2126 ro
948 2081 977 2126 Μ
994 2081 1149 2149 passuum
1168 2058 1218 2128 in·-

175 2189 333 2256 ··tersunt;
350 2174 490 2244 circuitu
501 2191 583 2242 ‘vero
600 2176 701 2243 totius
720 2177 835 2262 Ponti,
853 2175 950 2244 vicies
965 2174 1064 2243 semel
1081 2190 1217 2248 centena
1253 2169 1263 2272 Ἰ

191 2294 429 2386 quinquaginta
447 2317 493 2378 Μ,
514 2308 553 2361 ut
573 2309 688 2362 auctor
708 2308 758 2362 est
776 2297 900 2382 Varro,
926 2307 958 2362 et
974 2294 1059 2362 ferre
1080 2273 1216 2365 veteres.

190 2413 308 2503 Nepos
331 2409 501 2482 Cornelius
533 2425 677 2484 trecenta
702 2410 803 2482 millia
826 2413 1065 2508 quinquaginta
1095 2413 1216 2506 adjicit.

190 2529 278 2600 Pltit.
297 2541 418 2615 1v,’12.
469 2570 472 2578 ·

237 2653 277 2720 In
293 2674 351 2718 ora
368 2651 506 2739 Oceani,
520 2648 649 2720 colonia
661 2653 819 2746 Augusti,
833 2651 920 2722 Julia
934 2653 1157 2722 Constantia...
1175 2657 1217 2722 Et

189 2770 230 2837 ab
255 2793 294 2837 ea
316 2771 414 2838 nnn
436 2790 467 2839 Μ
488 2793 572 2864 pass.
594 2769 742 2858 colonia,
766 2796 784 2842 a
803 2771 943 2840 Claudio
964 2774 1094 2842 'Caesare
1116 2771 1216 2858 lacta,

189 2888 299 2959 Lixos.
321 2889 373 2956 Ibi
395 2890 485 2982 regia
504 2890 629 2978 Antei,
651 2905 880 2982 certamenque
902 2915 982 2962 cum
1003 2889 1161 2974 Hercule,
1184 2905 1218 2958 ct

189 3005 407 3101 Hesperidum
419 3009 541 3081 horti...
556 3013 655 3080 Extat
668 3010 703 3080 in
719 3033 757 3080 ea
770 3023 802 3077 et
817 3033 874 3080 ara
887 3008 1053 3096 Herculis,
1065 3034 1126 3078 nec
1139 3035 1218 3104 prae·

190 3141 240 3196 ter
256 3127 412 3196 oleastros
432 3124 523 3196 aliud
539 3152 579 3198 ex
596 3141 731 3196 narrato
748 3125 806 3195 illo
826 3129 968 3198 aurifero
986 3113 1130 3198 nemore.
1152 3130 1217 3198 Mi-

190 3270 251 3314 nus
266 3245 414 3340 profecto
431 3248 593 3317 mirentur
609 3260 801 3339 portentosa
821 3249 957 3316 Graeciae
973 3248 1157 3335 mendacia,
1175 3247 1215 3317 de

190 3364 228 3434 iis
252 3380 285 3434 et
309 3389 404 3438 amne
421 3365 505 3434 Lixo
525 3365 670 3458 prodita,
692 3367 750 3458 qui
775 3365 938 3458 cogitent,
957 3379 1086 3438 nostros
1109 3389 1216 3459 nuper
1269 3387 1273 3394 ·

187 3480 288 3578 paulo
307 3485 416 3554 minus
432 3483 634 3554 monstrifica
651 3484 801 3576 quaedam
818 3483 859 3553 de
878 3483 993 3552 iisdem
1013 3484 1186 3554 tradidisse
1206 3511 1215 3555 ι

189 3601 400 3697 praevalidam
422 3604 508 3674 hanc
531 3603 664 3688 urbem,
682 3604 905 3697 majoremque
925 3605 1127 3698 Carthagine
1146 3630 1216 3674 ma·

188 3745 267 3816 gna3
285 3729 440 3815 preterea
456 3747 496 3792 ex
512 3721 650 3792 adverso
668 3724 737 3816 ejus
755 3725 866 3811 sitam,
884 3738 917 3792 et
936 3749 1039 3818 prope
1055 3726 1216 3794 immenso

189 3855 297 3910 tractu
317 3841 359 3912 ab
380 3843 493 3934 Tingi3
516 3867 652 3936 quaeque
675 3842 739 3913 alia
763 3843 936 3923 Cornelius
960 3846 1073 3938 Nepos
1098 3844 1216 3912 avidis·

189 3962 268 4033 sime
288 3961 435 4030 credidit.
456 3962 544 4032 Plin.
563 3987 594 4046 v,
617 3987 646 4032 1.

236 4080 346 4174 Aliqui
360 4083 445 4150 inter
459 4083 602 4150 Pontum
611 4098 644 4151 et
655 4086 812 4177 Caspium
826 4111 916 4154 mare
929 4109 1074 4156 uccuxxv
1089 4109 1117 4154 Μ
1129 4111 1212 4180 pass.
