3198 5174
606 661 817 724 nuruum.
867 642 869 646 ’
1211 690 1229 743 9

252 797 343 863 VIII.
362 796 423 862 Hie
437 795 497 862 etsi
513 795 649 862 crimine
665 797 762 862 Pario
778 810 828 863 est
843 809 1028 883 accusatus,
1040 810 1150 862 tamen
1166 795 1230 862 alia

123 957 125 962 ι
206 914 268 981 fuit
292 937 389 981 causa
414 913 642 982 damnationis.
669 903 821 1005 Namque
838 915 1069 1002 Athenienses,
1094 928 1231 1006 propter

206 1033 364 1100 Pisistrati
378 1032 601 1125 tyrannidem,
613 1057 686 1124 quae
701 1033 814 1126 paucis
827 1033 922 1100 annis
933 1047 1009 1110 ante
1024 1031 1144 1118 fuerat,
1159 1034 1237 1100 om?

207 1151 297 1217 nium
318 1175 453 1219 suorum
473 1151 593 1218 civium
616 1152 797 1243 potentiam
818 1151 1084 1219 extimescebant.
1108 1153 1231 1221 Miltia-

204 1267 274 1355 des,
288 1268 431 1337 multum
447 1271 481 1336 in
497 1271 643 1363 imperiis
658 1271 967 1364 magistratibusque
983 1285 1146 1359 versatus,
1162 1297 1229 1339 non

204 1389 377 1457 videbatur
392 1414 486 1483 posse
503 1414 573 1457 esse
592 1391 739 1483 privatus
757 1415 764 1456 :
781 1391 962 1483 praesertim
974 1414 1077 1482 quum
1094 1414 1229 1458 cousue-

204 1507 320 1576 tudine
329 1508 370 1575 ad
381 1502 510 1600 imperii
522 1507 736 1600 cupiditatem
744 1509 831 1575 trahi
844 1506 1021 1575 videretur.
1029 1509 1114 1575 Nam
1126 1508 1229 1577 Cher·

205 1628 312 1695 sonesi
339 1609 453 1694 omnes
483 1624 572 1712 illoc,
595 1639 680 1718 quos
702 1627 880 1713 habitarat,
908 1651 1010 1694 annos
1039 1643 1228 1720 perpetuam

205 1746 393 1814 obtinuerat
406 1745 912 1837 dominationem,tyranuusque
923 1744 1028 1813 fuerat
1037 1744 1228 1839 appellatus,
1325 1821 1327 1824 ,

206 1864 262 1932 sed
275 1865 393 1957 justus.
411 1867 489 1935 Non
501 1878 570 1931 erat
584 1865 670 1932 euim
684 1864 717 1930 vi
731 1854 937 1966 consecutus,
956 1863 1013 1932 sed
1025 1889 1159 1932 suorum
1171 1890 1228 1934 vo·

206 1984 351 2069 luntate3
368 2008 505 2076 eamque
521 1976 716 2076 potestatem
730 1983 878 2050 bonitate
896 1983 1088 2050 retinuerat.
1106 1986 1230 2052 Omnes

206 2119 315 2178 autem
339 2119 373 2172 et
397 2099 561 2172 habentur
583 2115 615 2170 et
636 2102 792 2201 dicuntur
816 2104 961 2194 tyranni,
988 2104 1050 2194 qui¹
1068 2117 1251 2195 potestate
1284 2165 1286 2169 ,

137 2239 139 2250 ⁴
206 2238 283 2292 sunt
301 2236 458 2317 perpetua
478 2221 512 2288 in
532 2246 571 2288 ea
589 2223 735 2305 civitate,
754 2245 826 2312 quac
850 2220 1000 2288 libertate
1014 2240 1074 2290 usa
1087 2194 1148 2290 est.
1165 2222 1230 2290 Sed

207 2345 241 2410 in
255 2340 405 2410 Miltiade
423 2353 495 2406 erat
507 2364 610 2430 quum
628 2362 754 2405 summa
768 2339 970 2424 humanitaS,
988 2354 1060 2406 tum
1077 2342 1160 2407 mira
1175 2364 1230 2407 co·

207 2462 375 2544 mitas3'ut
390 2482 487 2525 nemo
510 2471 578 2524 tam
593 2453 726 2524 humilis
742 2470 840 2544 esset,
860 2458 914 2524 cui
934 2481 1000 2523 non
1016 2457 1058 2524 ad
1075 2457 1150 2524 eum
1165 2457 1232 2525 adi·

209 2593 260 2647 tus
276 2589 402 2670 pateret
419 2598 560 2668 :magua
576 2555 854 2666 auctoritasapud
868 2599 981 2642 omnes
999 2575 1231 2660 civitates,no·

206 2696 272 2766 bite
299 2719 434 2780 nomen,
460 2692 531 2762 laus
555 2695 603 2760 rei
630 2691 780 2760 militaris
810 2692 961 2760 maxima.
984 2695 1062 2759 Haec
1091 2692 1231 2786 populus

208 2815 398 2908 respiciens,
416 2811 531 2880 maluit
549 2836 624 2878 eum
640 2812 810 2879 innoxium
824 2810 937 2904 plecti,
954 2836 1053 2902 quam
1063 2836 1097 2878 se
1109 2812 1232 2880 diutius

188 2911 190 2918 ,
208 2959 275 3004 esse
291 2935 325 3000 in
341 2933 467 3000 timore.
1026 2931 1027 2934 ’
