3198 5174
702 873 766 939 XI.

381 1179 382 1182 ψ
504 1149 970 1300 Irni-camus.

658 1585 814 1603 Q*

230 1828 462 1972 lrnrmaarns,
480 1881 703 1970 Atheniensis,
721 1909 788 1953 non
806 1899 873 1954 tam
892 1885 1125 1978 magnitudine
1137 1909 1247 1968 rerum

223 2017 402 2096 gestarum,
421 2025 520 2096 quam
541 1999 712 2095 disciplina
733 2000 868 2072 militari
885 2001 1077 2098 nobilitatus
1093 2017 1152 2072 est.
1171 2005 1249 2072 Fuit

223 2123 311 2190 enim
325 2119 410 2190 ‘talis
438 2120 522 2207 dux,
540 2104 671 2189 utsnon
695 2107 801 2189 solum
827 2093 930 2192 atatis
954 2146 1020 2192 suae
1039 2124 1249 2216 cumprimis

223 2253 486 2332 compararetur,
509 2237 566 2306 sed
582 2263 623 2306 ne
643 2237 684 2306 de
706 2240 886 2333 majoribus
905 2255 986 2308 natu
1005 2241 1137 2333 quidem
1159 2243 1249 2334 quis·

224 2381 323 2450 quam
341 2369 604 2449 anteponeretur.
616 2355 762 2426 Multum
778 2382 856 2426 vero
868 2360 906 2448 in
922 2357 1009 2427 hello
1025 2374 1075 2428 est
1087 2374 1249 2445 versatus;

172 2529 175 2533 .
224 2498 309 2568 saepe
327 2472 530 2543 exercitibus·
542 2473 692 2568 praefuit3
710 2500 872 2568 nusquam
889 2475 985 2571 culpa
1004 2501 1062 2545 sua
1077 2475 1163 2544 male
1177 2501 1250 2544 rem

224 2594 343 2688 gessit3
366 2618 494 2688 semper
515 2591 651 2662 consilio
672 2595 770 2680 vicit;
792 2607 994 2687 tantumque·
1008 2619 1048 2663 eo
1068 2591 1191 2682 valuit,
1212 2608 1251 2662 ut

223 2711 328 2781 multa
347 2713 383 2781 in
404 2737 441 2781 re
459 2710 595 2780 militari
615 2713 736 2806 partim
755 2737 847 2802 nova
858 2711 1022 2801 attulerit,
1040 2715 1161 2806 partim
1180 2737 1250 2781 me·

223 2819 451 2908 liorafeceriti
465 2855 607 2922 namque
620 2829 675 2898 ille
687 2829 850 2925 pedestria
863 2855 954 2899 arma
965 2831 1117 2918 mutavit,
1131 2856 1248 2923 quum,

223 2965 299 3020 ante
315 2950 408 3019 illum
422 2951 666 3043 imperatorem,
682 2949 833 3018 maximis
853 2947 988 3042 clypeis,
1003 2949 1157 3018 brevibus
1171 2949 1248 3018 has-

225 3069 283 3158 tis,
306 3070 442 3137 minutis
468 3066 583 3161 gladiis
604 3081 786 3136 uterentur.
812 3065 872 3135 Ille
899 3091 917 3134 e
941 3061 1105 3136 contrario
1127 3068 1252 3161 peltam

170 3215 171 3220 ¹
224 3211 283 3280 pro
298 3209 412 3281 parma
426 3185 505 3253 lecit
521 3183 559 3279 (a
576 3208 642 3277 quo
657 3197 769 3278 postea
785 3183 929 3278 peltastae
943 3185 1068 3280 pedites
1081 3185 1249 3279 appellan-

168 3351 177 3386 ·.
223 3307 318 3401 tur),
338 3319 375 3374 ut
394 3303 437 3373 ad
456 3317 564 3372 motus
583 3327 827 3395 concursusque
846 3318 953 3372 essent
971 3301 1129 3371 leviores:
1149 3305 1249 3372 hastae

222 3423 357 3492 modum
377 3421 576 3516 duplicavit:
600 3420 724 3518 gladios
743 3420 906 3515 longiores
924 3421 1023 3489 lecit:
1043 3421 1130 3488 idem
1147 3426 1248 3514 genus

225 3541 399 3611 loricarum
418 3544 577 3628 mutavit,
596 3555 629 3610 et
645 3565 707 3636 pro
723 3541 817 3608 sertis
833 3554 932 3632 atque
947 3539 1042 3608 aneis
1057 3537 1175 3608 linteas
1189 3539 1247 3608 de-

222 3660 281 3729 dit.
301 3651 378 3748 Quo
396 3659 482 3729 facto
501 3659 718 3755 expeditiores
732 3656 852 3726 milites
868 3655 1030 3745 reddidit3
1050 3642 1145 3746 nam,
1157 3683 1246 3751 pon-

222 3776 299 3848 dere
312 3778 477 3863 detracto‚
498 3778 586 3870 quod
605 3801 697 3870 aeque
715 3801 833 3870 corpus
851 3789 989 3870 tegeret,
1007 3790 1041 3844 et
1057 3775 1129 3845 leve
1147 3790 1246 3864 esset,
1367 3792 1368 3795 ’

222 3898 359 3968 curavit.

267 4021 310 4085 II.
339 4013 466 4085 Bellum
491 4039 566 4082 cum
593 4013 772 4082 Thracibus
797 3994 914 4108 gessit:
936 4012 1099 4098 Seuthen,
1123 4011 1246 4080 socium

225 4134 489 4215 Atheniensium,
520 4133 554 4200 in
581 4157 720 4227 regnum
748 4131 898 4200 restituit.
924 4128 1023 4223 Apud
1050 4127 1246 4198 Corinthum
