3198 5174
376 490 414 546 ἰα
712 477 885 535 CORNELII
907 477 1060 533 uueouts

274 636 277 649 ·
376 598 456 666 tati:
478 597 620 689 primum
640 621 694 665 eos
714 597 918 670 adoriuntur.
939 598 991 669 Illi
1011 623 1114 694 quum
1130 599 1212 692 quid
1231 613 1396 693 ageretur,

349 729 433 784 ‘aut
461 739 562 807 quare
583 715 693 802 fieret,
714 718 920 811 ignorarent,
943 719 1047 788 coacti
1069 730 1146 786 sunt
1168 741 1243 785 cum
1265 718 1311 785 eis
1334 741 1396 810 pu-

375 858 488 930 gnare,
499 833 541 901 ad
554 859 637 927 quos
648 837 858 924 transierant3
871 838 911 906 ab
922 837 1039 930 hisque
1052 849 1151 923 stare,
1165 859 1246 928 quos
1259 834 1397 928 relique-

373 937 457 1020 rant
477 952 607 1040 Quibus
622 977 724 1045 quum
740 956 849 1023 neutri
866 967 1050 1049 parcerent,
1067 953 1215 1022 celeriter
1230 969 1307 1022 sunt
1318 979 1396 1023 cou-

372 1072 438 1140 cisi.
457 1070 613 1165 Reliquos
627 1070 751 1140 Pisidas
767 1074 951 1142 resistentes
963 1077 1118 1143 Datames
1133 1071 1273 1156 invadit,
1287 1073 1395 1165 primo

373 1194 496 1284 impetu
521 1187 630 1283 pellit,
654 1190 814 1285 fugientes
840 1194 1061 1285 persequitur,
1080 1189 1199 1258 multos
1223 1191 1394 1276 interficit,

371 1325 478 1378 castra
499 1308 644 1404 hostium
660 1311 757 1402 capit.
776 1307 847 1376 Tali
865 1308 1002 1378 consilio
1020 1331 1086 1377 uuo
1103 1298 1249 1401 tempore
1269 1323 1301 1377 ct
1319 1333 1395 1402 pro-

239 1443 243 1452 ·
297 1511 300 1518 .
373 1427 494 1496 ditores
509 1426 663 1520 perculit,
678 1442 711 1497 et
726 1429 833 1496 hostes
850 1427 1047 1521 profligavit3
1061 1441 1107 1514 et,
1124 1426 1211 1518 quod
1227 1427 1267 1494 ad
1285 1428 1394 1520 perni-

371 1547 455 1614 ciem
480 1545 586 1616 fuerat
610 1546 805 1640 cogitatum,
831 1545 865 1613 id
890 1543 932 1613 ad
958 1542 1095 1613 salutem
1119 1547 1302 1614 convertit:
1327 1572 1394 1640 quo

373 1688 477 1757 neque
493 1665 620 1733 acutius
635 1663 732 1734 ullius
750 1664 954 1758 imperatoris
967 1665 1164 1757 cogitatum,
1182 1687 1288 1756 neque
1307 1664 1393 1734 cele·
1464 1687 1466 1695 ¹

371 1782 437 1851 rius
452 1783 571 1852 Iactum
587 1808 725 1876 usquam
741 1782 888 1877 legimus.

368 1896 372 1900 ’
416 1904 491 1970 VII.
507 1903 558 1971 Ab
575 1903 639 1970 hoc
654 1916 763 1970 tamen
781 1904 852 1970 viro
869 1903 1023 1988 Scismas,
1039 1903 1180 1970 maximo
1195 1917 1273 1971 natu
1290 1901 1392 1987 filius,

371 2019 501 2106 desciit,
517 2019 558 2088 ad
578 2044 752 2116 regemque
765 2021 910 2108 transiit,
923 2035 955 2088 et
968 2019 1008 2088 de
1023 2020 1205 2089 desectione
1222 2022 1324 2114 patris
1336 2021 1393 2092 de·

370 2138 453 2208 tulit.
472 2140 550 2228 Quo
564 2140 683 2209 nuntio
698 2143 896 2209 Artaxerxes
910 2153 1109 2226 commotus,
1125 2139 1215 2232 quod
1233 2117 1394 2234 inteiliga-

369 2258 440 2344 bat,
459 2259 518 2327 sibi
535 2283 610 2328 curn
627 2259 699 2327 viro
718 2259 797 2327 forti
816 2283 854 2327 ae
875 2270 1008 2327 strenuo
1028 2259 1197 2351 negotium
1220 2249 1302 2345 esse,
1319 2260 1392 2352 qui,

369 2402 473 2469 quum
488 2380 675 2473 cogitasset,
690 2375 957 2463 facereauderet,
973 2390 1005 2446 et
1022 2376 1112 2469 prius
1126 2378 1392 2471 eogitarc,quam

369 2498 480 2566 conari
494 2511 694 2581 consuesset,
709 2495 990 2588 Autophradatem
1006 2496 1041 2562 in
1056 2493 1300 2587 Cappadociam
1320 2498 1392 2564 mit·

368 2615 415 2681 tit.
433 2616 495 2683 Hic
514 2640 557 2684 ue
577 2616 700 2683 intrare
716 2627 837 2707 posset,
854 2612 989 2698 saltum,
1010 2613 1043 2680 in
1064 2635 1130 2704 quo
1147 2611 1271 2682 Ciliciae
1288 2628 1391 2707 portae

364 2747 445 2808 sunt
460 2733 543 2819 sitae,
558 2735 714 2810 Datames
730 2753 959 2824 praeoccupare
974 2729 1110 2799 studuit.
1127 2731 1191 2799 Sed
1203 2733 1391 2801 tam'subito

366 2851 477 2942 copias
487 2850 683 2919 contrahere
698 2875 765 2918 non
785 2851 903 2942 potuit.
917 2851 946 2917 A
962 2873 1025 2941 qua
1041 2873 1077 2916 re
1093 2848 1247 2942 depulsus
1265 2874 1340 2918 cum
1353 2875 1390 2919 ea

367 2991 465 3035 manu
486 2992 586 3060 quam
602 2982 825 3055 contraxerat,
841 2966 949 3036 locum
966 2965 1086 3060 delegit
1102 2965 1216 3052 talem,
1231 2981 1269 3035 ut
1284 2988 1391 3062 neque

366 3085 594 3154 circumiretur
611 3086 652 3154 ab
672 3086 837 3172 hostibus,
850 3109 957 3178 neque
973 3086 1154 3178 praeteriret
1171 3085 1390 3172 adversarius,

365 3205 445 3296 quin
465 3204 662 3297 ancipitibus
685 3203 765 3272 locis
782 3217 1000 3298 premeretur3
1020 3218 1069 3288 et,
1087 3204 1114 3270 si
1138 3203 1292 3272 dimicare
1313 3225 1388 3273 cum

365 3347 404 3391 eo
426 3321 541 3410 vellet,
565 3347 633 3392 uon
656 3321 796 3392 multum
820 3324 930 3391 obesse
954 3321 1132 3390 multitudo
1153 3323 1297 3390 bostium
1324 3347 1389 3392 suae

366 3443 521 3533 paucitati
537 3456 653 3536 posset.

413 3561 503 3629 VIII.
524 3565 600 3630 Haec
618 3561 677 3629 etsi
698 3561 960 3654 Autophrodates
977 3541 1124 3645 videbat,
1145 3574 1255 3629 tamen
1275 3563 1387 3631 statuit

367 3670 538 3771 congredi,
553 3701 651 3770 quam
668 3703 743 3748 eum
758 3681 857 3747 tantis
873 3679 976 3770 copiis
994 3679 1156 3772 refugere,
1172 3693 1229 3747 aut
1245 3694 1312 3748 tam
1330 3679 1386 3747 diu

362 3820 431 3863 uno
451 3793 524 3864 loeo
545 3793 666 3864 sedere.
682 3797 832 3865 Habebat
850 3796 1066 3865 barbarorum
1086 3796 1233 3888 equitum
1253 3797 1386 3890 viginti,

361 3913 508 4009 peditum
530 3926 662 3983 centum
690 3911 808 4000 millia,
831 3938 912 4007 quos
937 3914 984 3982 illi
1011 3914 1174 3984 Cardacas
1199 3913 1385 4010 appellant,

360 4031 570 4128 ejusdemque
589 4031 715 4126 generis
733 4057 773 4102 111
799 4033 1024 4117 funditorum3
1041 4047 1197 4124 praeterea
1214 4033 1386 4126 Cappado-
