<?xml version="1.0" encoding="UTF-8"?>
<!DOCTYPE html PUBLIC "-//W3C//DTD XHTML 1.0 Transitional//EN"
    "http://www.w3.org/TR/xhtml1/DTD/xhtml1-transitional.dtd">
<html xmlns="http://www.w3.org/1999/xhtml" xml:lang="en" lang="en">
 <head>
  <title>
</title>
<meta http-equiv="Content-Type" content="text/html;charset=utf-8" />
  <meta name='ocr-system' content='tesseract 3.04.00' />
  <meta name='ocr-capabilities' content='ocr_page ocr_carea ocr_par ocr_line ocrx_word'/>
</head>
<body>
  <div class='ocr_page' id='page_1' title='image "./corneliinepotio00nepogoog_0142.png"; bbox 0 0 3168 5048; ppageno 0'>
   <div class='ocr_carea' id='block_1_1' title="bbox 293 527 1205 600">
    <p class='ocr_par' dir='ltr' id='par_1_1' title="bbox 293 527 1205 600">
     <span class='ocr_line' id='line_1_1' title="bbox 293 527 1205 600; baseline -0.008 -14"><span class='ocrx_word' id='word_1_1' title='bbox 293 585 297 600; x_wconf 74' lang='grc'><em>,</em></span> <span class='ocrx_word' id='word_1_2' title='bbox 371 561 375 576; x_wconf 88' lang='lat'><strong>·</strong></span> <span class='ocrx_word' id='word_1_3' title='bbox 407 531 579 586; x_wconf 83' lang='lat' dir='ltr'><strong>CORNELII</strong></span> <span class='ocrx_word' id='word_1_4' title='bbox 601 529 756 586; x_wconf 82' lang='lat' dir='ltr'><strong>NEPOTIS</strong></span> <span class='ocrx_word' id='word_1_5' title='bbox 777 527 1002 582; x_wconf 79' lang='lat' dir='ltr'><strong>HANNIBAL·</strong></span> <span class='ocrx_word' id='word_1_6' title='bbox 1154 542 1205 581; x_wconf 79' lang='lat'>121</span> 
     </span>
    </p>
   </div>
   <div class='ocr_carea' id='block_1_2' title="bbox 162 651 1211 2534">
    <p class='ocr_par' dir='ltr' id='par_1_2' title="bbox 162 651 1211 2534">
     <span class='ocr_line' id='line_1_2' title="bbox 178 651 1210 747; baseline -0.003 -24"><span class='ocrx_word' id='word_1_7' title='bbox 178 652 401 742; x_wconf 84' lang='lat' dir='ltr'>clandestinis,</span> <span class='ocrx_word' id='word_1_8' title='bbox 418 669 455 723; x_wconf 91' lang='lat' dir='ltr'>ut</span> <span class='ocrx_word' id='word_1_9' title='bbox 473 653 689 723; x_wconf 85' lang='lat' dir='ltr'>Hannibalem</span> <span class='ocrx_word' id='word_1_10' title='bbox 706 656 740 721; x_wconf 91' lang='lat' dir='ltr'>in</span> <span class='ocrx_word' id='word_1_11' title='bbox 757 653 974 747; x_wconf 88' lang='lat' dir='ltr'>suspicionem</span> <span class='ocrx_word' id='word_1_12' title='bbox 990 651 1058 744; x_wconf 88' lang='lat' dir='ltr'>regi</span> <span class='ocrx_word' id='word_1_13' title='bbox 1074 651 1210 720; x_wconf 82' lang='lat' dir='ltr'>adduce·</span> 
     </span>
     <span class='ocr_line' id='line_1_3' title="bbox 177 769 1208 866; baseline -0.003 -26"><span class='ocrx_word' id='word_1_14' title='bbox 177 788 267 859; x_wconf 88' lang='lat' dir='ltr'>rent,</span> <span class='ocrx_word' id='word_1_15' title='bbox 291 787 447 865; x_wconf 90' lang='lat' dir='ltr'>tanquam</span> <span class='ocrx_word' id='word_1_16' title='bbox 472 774 513 840; x_wconf 87' lang='lat' dir='ltr'>ab</span> <span class='ocrx_word' id='word_1_17' title='bbox 535 774 614 866; x_wconf 89' lang='lat' dir='ltr'>ipsis</span> <span class='ocrx_word' id='word_1_18' title='bbox 636 788 846 866; x_wconf 92' lang='lat' dir='ltr'>corruptum,</span> <span class='ocrx_word' id='word_1_19' title='bbox 859 769 947 858; x_wconf 86' lang='lat' dir='ltr'>-alia,</span> <span class='ocrx_word' id='word_1_20' title='bbox 974 783 1073 861; x_wconf 84' lang='lat' dir='ltr'>atque</span> <span class='ocrx_word' id='word_1_21' title='bbox 1096 785 1208 859; x_wconf 86' lang='lat' dir='ltr'>antea,</span> 
     </span>
     <span class='ocr_line' id='line_1_4' title="bbox 178 886 1210 989; baseline -0.003 -31"><span class='ocrx_word' id='word_1_22' title='bbox 178 892 313 977; x_wconf 80' lang='lat' dir='ltr'>sentire3</span> <span class='ocrx_word' id='word_1_23' title='bbox 332 915 438 983; x_wconf 87' lang='lat' dir='ltr'>neque</span> <span class='ocrx_word' id='word_1_24' title='bbox 455 891 489 958; x_wconf 95' lang='lat' dir='ltr'>id</span> <span class='ocrx_word' id='word_1_25' title='bbox 503 891 625 960; x_wconf 85' lang='lat' dir='ltr'>frustra</span> <span class='ocrx_word' id='word_1_26' title='bbox 639 890 805 979; x_wconf 80' lang='lat' dir='ltr'>fecissent,</span> <span class='ocrx_word' id='word_1_27' title='bbox 825 890 924 983; x_wconf 87' lang='lat' dir='ltr'>idque</span> <span class='ocrx_word' id='word_1_28' title='bbox 939 886 1106 989; x_wconf 81' lang='lat' dir='ltr'>Hannibal</span> <span class='ocrx_word' id='word_1_29' title='bbox 1125 913 1210 956; x_wconf 92' lang='lat' dir='ltr'>com-</span> 
     </span>
     <span class='ocr_line' id='line_1_5' title="bbox 179 1000 1209 1104; baseline -0.001 -27"><span class='ocrx_word' id='word_1_30' title='bbox 179 1011 329 1104; x_wconf 84' lang='lat' dir='ltr'>perisset,</span> <span class='ocrx_word' id='word_1_31' title='bbox 343 1034 442 1103; x_wconf 87' lang='lat' dir='ltr'>seque</span> <span class='ocrx_word' id='word_1_32' title='bbox 455 1011 497 1078; x_wconf 88' lang='lat' dir='ltr'>ab</span> <span class='ocrx_word' id='word_1_33' title='bbox 508 1010 718 1079; x_wconf 90' lang='lat' dir='ltr'>interioribus</span> <span class='ocrx_word' id='word_1_34' title='bbox 732 1000 874 1078; x_wconf 84' lang='lat' dir='ltr'>consiliis</span> <span class='ocrx_word' id='word_1_35' title='bbox 887 1008 1049 1102; x_wconf 86' lang='lat' dir='ltr'>segregari</span> <span class='ocrx_word' id='word_1_36' title='bbox 1064 1006 1209 1095; x_wconf 87' lang='lat' dir='ltr'>vidissct;</span> 
     </span>
     <span class='ocr_line' id='line_1_6' title="bbox 178 1127 1211 1224; baseline -0.001 -28"><span class='ocrx_word' id='word_1_37' title='bbox 178 1143 325 1223; x_wconf 87' lang='lat' dir='ltr'>tempore</span> <span class='ocrx_word' id='word_1_38' title='bbox 342 1129 419 1199; x_wconf 85' lang='lat' dir='ltr'>dato</span> <span class='ocrx_word' id='word_1_39' title='bbox 440 1131 520 1198; x_wconf 90' lang='lat' dir='ltr'>adiit</span> <span class='ocrx_word' id='word_1_40' title='bbox 535 1131 579 1199; x_wconf 89' lang='lat' dir='ltr'>ad</span> <span class='ocrx_word' id='word_1_41' title='bbox 597 1155 717 1223; x_wconf 86' lang='lat' dir='ltr'>regem,</span> <span class='ocrx_word' id='word_1_42' title='bbox 735 1133 830 1224; x_wconf 86' lang='lat' dir='ltr'>eique</span> <span class='ocrx_word' id='word_1_43' title='bbox 846 1154 949 1223; x_wconf 92' lang='lat' dir='ltr'>quum</span> <span class='ocrx_word' id='word_1_44' title='bbox 967 1127 1071 1196; x_wconf 92' lang='lat' dir='ltr'>multa</span> <span class='ocrx_word' id='word_1_45' title='bbox 1087 1128 1127 1196; x_wconf 89' lang='lat' dir='ltr'>dc</span> <span class='ocrx_word' id='word_1_46' title='bbox 1146 1127 1211 1196; x_wconf 87' lang='lat' dir='ltr'>fide</span> 
     </span>
     <span class='ocr_line' id='line_1_7' title="bbox 178 1244 1208 1344; baseline -0.003 -27"><span class='ocrx_word' id='word_1_47' title='bbox 178 1273 237 1317; x_wconf 90' lang='lat' dir='ltr'>sua</span> <span class='ocrx_word' id='word_1_48' title='bbox 257 1263 290 1317; x_wconf 88' lang='lat' dir='ltr'>ct</span> <span class='ocrx_word' id='word_1_49' title='bbox 309 1249 386 1317; x_wconf 93' lang='lat' dir='ltr'>odio</span> <span class='ocrx_word' id='word_1_50' title='bbox 404 1251 437 1318; x_wconf 94' lang='lat' dir='ltr'>in</span> <span class='ocrx_word' id='word_1_51' title='bbox 455 1254 621 1319; x_wconf 90' lang='lat' dir='ltr'>Romanos</span> <span class='ocrx_word' id='word_1_52' title='bbox 633 1264 936 1344; x_wconf 62' lang='lat' dir='ltr'>commemorasset,</span> <span class='ocrx_word' id='word_1_53' title='bbox 955 1249 1018 1342; x_wconf 77' lang='lat' dir='ltr'>boc</span> <span class='ocrx_word' id='word_1_54' title='bbox 1036 1244 1208 1339; x_wconf 86' lang='lat' dir='ltr'>adjunxit:</span> 
     </span>
     <span class='ocr_line' id='line_1_8' title="bbox 162 1361 1211 1462; baseline 0.003 -29"><span class='ocrx_word' id='word_1_55' title='bbox 162 1361 195 1432; x_wconf 63' lang='lat' dir='ltr'>⁴a</span> <span class='ocrx_word' id='word_1_56' title='bbox 216 1372 329 1457; x_wconf 88' lang='lat' dir='ltr'>Pater,</span> <span class='ocrx_word' id='word_1_57' title='bbox 349 1371 473 1462; x_wconf 92' lang='lat' dir='ltr'>inquit,</span> <span class='ocrx_word' id='word_1_58' title='bbox 494 1396 602 1458; x_wconf 88' lang='lat' dir='ltr'>meus,</span> <span class='ocrx_word' id='word_1_59' title='bbox 628 1369 812 1457; x_wconf 81' lang='lat' dir='ltr'>Hamilcar,</span> <span class='ocrx_word' id='word_1_60' title='bbox 837 1367 975 1462; x_wconf 85' lang='lat' dir='ltr'>puerulo</span> <span class='ocrx_word' id='word_1_61' title='bbox 1000 1393 1069 1455; x_wconf 86' lang='lat' dir='ltr'>me,</span> <span class='ocrx_word' id='word_1_62' title='bbox 1095 1381 1211 1462; x_wconf 80' lang='lat' dir='ltr'>utpote</span> 
     </span>
     <span class='ocr_line' id='line_1_9' title="bbox 176 1487 1210 1582; baseline -0.001 -28"><span class='ocrx_word' id='word_1_63' title='bbox 176 1512 246 1554; x_wconf 92' lang='lat' dir='ltr'>non</span> <span class='ocrx_word' id='word_1_64' title='bbox 262 1487 401 1582; x_wconf 94' lang='lat' dir='ltr'>amplius</span> <span class='ocrx_word' id='word_1_65' title='bbox 419 1514 537 1558; x_wconf 86' lang='lat' dir='ltr'>novem</span> <span class='ocrx_word' id='word_1_66' title='bbox 551 1513 654 1558; x_wconf 89' lang='lat' dir='ltr'>annos</span> <span class='ocrx_word' id='word_1_67' title='bbox 668 1503 761 1575; x_wconf 90' lang='lat' dir='ltr'>nato,</span> <span class='ocrx_word' id='word_1_68' title='bbox 779 1491 813 1556; x_wconf 92' lang='lat' dir='ltr'>in</span> <span class='ocrx_word' id='word_1_69' title='bbox 827 1488 1018 1580; x_wconf 88' lang='lat' dir='ltr'>Hispaniam</span> <span class='ocrx_word' id='word_1_70' title='bbox 1033 1488 1210 1581; x_wconf 88' lang='lat' dir='ltr'>imperator</span> 
     </span>
     <span class='ocr_line' id='line_1_10' title="bbox 177 1606 1211 1709; baseline 0.001 -36"><span class='ocrx_word' id='word_1_71' title='bbox 177 1606 386 1701; x_wconf 90' lang='lat' dir='ltr'>proficiscens</span> <span class='ocrx_word' id='word_1_72' title='bbox 401 1610 614 1704; x_wconf 84' lang='lat' dir='ltr'>Carthagine,</span> <span class='ocrx_word' id='word_1_73' title='bbox 631 1613 650 1677; x_wconf 87' lang='lat' dir='ltr'>J</span> <span class='ocrx_word' id='word_1_74' title='bbox 651 1611 704 1678; x_wconf 92' lang='lat' dir='ltr'>ovi</span> <span class='ocrx_word' id='word_1_75' title='bbox 720 1611 844 1709; x_wconf 90' lang='lat' dir='ltr'>optimo</span> <span class='ocrx_word' id='word_1_76' title='bbox 860 1609 1003 1676; x_wconf 87' lang='lat' dir='ltr'>maximo</span> <span class='ocrx_word' id='word_1_77' title='bbox 1018 1607 1140 1676; x_wconf 90' lang='lat' dir='ltr'>hostias</span> <span class='ocrx_word' id='word_1_78' title='bbox 1154 1609 1211 1675; x_wconf 94' lang='lat' dir='ltr'>im·</span> 
     </span>
     <span class='ocr_line' id='line_1_11' title="bbox 176 1723 1211 1821; baseline 0.002 -29"><span class='ocrx_word' id='word_1_79' title='bbox 176 1723 320 1796; x_wconf 89' lang='lat' dir='ltr'>molavit.</span> <span class='ocrx_word' id='word_1_80' title='bbox 344 1726 427 1815; x_wconf 82' lang='lat' dir='ltr'>Quae</span> <span class='ocrx_word' id='word_1_81' title='bbox 447 1726 557 1797; x_wconf 89' lang='lat' dir='ltr'>divina</span> <span class='ocrx_word' id='word_1_82' title='bbox 576 1753 628 1797; x_wconf 85' lang='lat' dir='ltr'>res</span> <span class='ocrx_word' id='word_1_83' title='bbox 650 1728 729 1797; x_wconf 91' lang='lat' dir='ltr'>dum</span> <span class='ocrx_word' id='word_1_84' title='bbox 748 1727 998 1815; x_wconf 86' lang='lat' dir='ltr'>conficiebatur,</span> <span class='ocrx_word' id='word_1_85' title='bbox 1020 1727 1169 1821; x_wconf 86' lang='lat' dir='ltr'>quaesivit</span> <span class='ocrx_word' id='word_1_86' title='bbox 1191 1752 1211 1795; x_wconf 91' lang='lat' dir='ltr'>a</span> 
     </span>
     <span class='ocr_line' id='line_1_12' title="bbox 176 1845 1211 1943; baseline 0.003 -32"><span class='ocrx_word' id='word_1_87' title='bbox 176 1869 246 1934; x_wconf 89' lang='lat' dir='ltr'>me,</span> <span class='ocrx_word' id='word_1_88' title='bbox 261 1845 420 1916; x_wconf 91' lang='lat' dir='ltr'>vellemne</span> <span class='ocrx_word' id='word_1_89' title='bbox 437 1872 546 1916; x_wconf 89' lang='lat' dir='ltr'>secum</span> <span class='ocrx_word' id='word_1_90' title='bbox 566 1849 600 1916; x_wconf 90' lang='lat' dir='ltr'>in</span> <span class='ocrx_word' id='word_1_91' title='bbox 615 1862 721 1916; x_wconf 88' lang='lat' dir='ltr'>castra</span> <span class='ocrx_word' id='word_1_92' title='bbox 736 1847 918 1943; x_wconf 82' lang='lat' dir='ltr'>proficisci?</span> <span class='ocrx_word' id='word_1_93' title='bbox 936 1847 977 1915; x_wconf 89' lang='lat' dir='ltr'>Id</span> <span class='ocrx_word' id='word_1_94' title='bbox 991 1872 1095 1939; x_wconf 91' lang='lat' dir='ltr'>quum</span> <span class='ocrx_word' id='word_1_95' title='bbox 1111 1845 1211 1914; x_wconf 86' lang='lat' dir='ltr'>liben-</span> 
     </span>
     <span class='ocr_line' id='line_1_13' title="bbox 177 1964 1211 2064; baseline 0.004 -34"><span class='ocrx_word' id='word_1_96' title='bbox 177 1976 228 2031; x_wconf 89' lang='lat' dir='ltr'>ter</span> <span class='ocrx_word' id='word_1_97' title='bbox 245 1967 456 2060; x_wconf 89' lang='lat' dir='ltr'>accepissem,</span> <span class='ocrx_word' id='word_1_98' title='bbox 473 1980 572 2064; x_wconf 80' lang='lat' dir='ltr'>atque</span> <span class='ocrx_word' id='word_1_99' title='bbox 588 1967 629 2033; x_wconf 92' lang='lat' dir='ltr'>ab</span> <span class='ocrx_word' id='word_1_100' title='bbox 646 1991 685 2034; x_wconf 90' lang='lat' dir='ltr'>eo</span> <span class='ocrx_word' id='word_1_101' title='bbox 701 1980 812 2059; x_wconf 87' lang='lat' dir='ltr'>potere</span> <span class='ocrx_word' id='word_1_102' title='bbox 828 1967 1010 2059; x_wconf 91' lang='lat' dir='ltr'>coepissem,</span> <span class='ocrx_word' id='word_1_103' title='bbox 1027 1991 1069 2034; x_wconf 93' lang='lat' dir='ltr'>ne</span> <span class='ocrx_word' id='word_1_104' title='bbox 1085 1964 1211 2046; x_wconf 88' lang='lat' dir='ltr'>dubita·</span> 
     </span>
     <span class='ocr_line' id='line_1_14' title="bbox 176 2082 1210 2181; baseline 0.004 -30"><span class='ocrx_word' id='word_1_105' title='bbox 176 2097 229 2151; x_wconf 88' lang='lat' dir='ltr'>ret</span> <span class='ocrx_word' id='word_1_106' title='bbox 242 2082 375 2173; x_wconf 85' lang='lat' dir='ltr'>ducere;</span> <span class='ocrx_word' id='word_1_107' title='bbox 390 2101 462 2154; x_wconf 91' lang='lat' dir='ltr'>tum</span> <span class='ocrx_word' id='word_1_108' title='bbox 475 2085 544 2171; x_wconf 89' lang='lat' dir='ltr'>ille,</span> <span class='ocrx_word' id='word_1_109' title='bbox 558 2088 702 2173; x_wconf 84' lang='lat' dir='ltr'>Faciam,</span> <span class='ocrx_word' id='word_1_110' title='bbox 714 2088 838 2180; x_wconf 90' lang='lat' dir='ltr'>inquit,</span> <span class='ocrx_word' id='word_1_111' title='bbox 851 2089 877 2156; x_wconf 90' lang='lat' dir='ltr'>si</span> <span class='ocrx_word' id='word_1_112' title='bbox 891 2085 989 2154; x_wconf 89' lang='lat' dir='ltr'>fidem</span> <span class='ocrx_word' id='word_1_113' title='bbox 1001 2088 1097 2175; x_wconf 87' lang='lat' dir='ltr'>mihi,</span> <span class='ocrx_word' id='word_1_114' title='bbox 1110 2113 1210 2181; x_wconf 89' lang='lat' dir='ltr'>quam</span> 
     </span>
     <span class='ocr_line' id='line_1_15' title="bbox 176 2179 1209 2298; baseline 0.004 -29"><span class='ocrx_word' id='word_1_115' title='bbox 176 2179 324 2293; x_wconf 88' lang='lat' dir='ltr'>postulo,</span> <span class='ocrx_word' id='word_1_116' title='bbox 340 2204 476 2272; x_wconf 87' lang='lat' dir='ltr'>dederis.</span> <span class='ocrx_word' id='word_1_117' title='bbox 495 2203 598 2272; x_wconf 90' lang='lat' dir='ltr'>Simul</span> <span class='ocrx_word' id='word_1_118' title='bbox 613 2185 670 2272; x_wconf 48' lang='lat' dir='ltr'>mc¹</span> <span class='ocrx_word' id='word_1_119' title='bbox 681 2205 723 2272; x_wconf 92' lang='lat' dir='ltr'>ad</span> <span class='ocrx_word' id='word_1_120' title='bbox 738 2230 828 2273; x_wconf 89' lang='lat' dir='ltr'>aram</span> <span class='ocrx_word' id='word_1_121' title='bbox 841 2205 991 2293; x_wconf 85' lang='lat' dir='ltr'>adduxit,</span> <span class='ocrx_word' id='word_1_122' title='bbox 1008 2205 1097 2298; x_wconf 90' lang='lat' dir='ltr'>apud</span> <span class='ocrx_word' id='word_1_123' title='bbox 1111 2231 1209 2297; x_wconf 94' lang='lat' dir='ltr'>quam</span> 
     </span>
     <span class='ocr_line' id='line_1_16' title="bbox 177 2320 1209 2420; baseline 0.004 -33"><span class='ocrx_word' id='word_1_124' title='bbox 177 2320 359 2388; x_wconf 85' lang='lat' dir='ltr'>sacrificare</span> <span class='ocrx_word' id='word_1_125' title='bbox 372 2323 576 2420; x_wconf 81' lang='lat' dir='ltr'>instituerat,</span> <span class='ocrx_word' id='word_1_126' title='bbox 588 2348 738 2416; x_wconf 88' lang='lat' dir='ltr'>eamque,</span> <span class='ocrx_word' id='word_1_127' title='bbox 754 2325 868 2392; x_wconf 86' lang='lat' dir='ltr'>ceteris</span> <span class='ocrx_word' id='word_1_128' title='bbox 883 2325 1209 2411; x_wconf 80' lang='lat' dir='ltr'>remotis,&#39;tenentem</span> 
     </span>
     <span class='ocr_line' id='line_1_17' title="bbox 173 2413 1206 2534; baseline 0.006 -30"><span class='ocrx_word' id='word_1_129' title='bbox 173 2437 287 2530; x_wconf 89' lang='lat' dir='ltr'>jurare</span> <span class='ocrx_word' id='word_1_130' title='bbox 296 2438 409 2531; x_wconf 90' lang='lat' dir='ltr'>jussit,</span> <span class='ocrx_word' id='word_1_131' title='bbox 421 2413 590 2534; x_wconf 78' lang='lat' dir='ltr'>iiunquam</span> <span class='ocrx_word' id='word_1_132' title='bbox 606 2467 659 2511; x_wconf 86' lang='lat' dir='ltr'>mc</span> <span class='ocrx_word' id='word_1_133' title='bbox 670 2445 703 2511; x_wconf 94' lang='lat' dir='ltr'>in</span> <span class='ocrx_word' id='word_1_134' title='bbox 716 2444 858 2512; x_wconf 87' lang='lat' dir='ltr'>amicitia</span> <span class='ocrx_word' id='word_1_135' title='bbox 870 2468 945 2511; x_wconf 92' lang='lat' dir='ltr'>cum</span> <span class='ocrx_word' id='word_1_136' title='bbox 961 2443 1206 2512; x_wconf 75' lang='lat' dir='ltr'>Romanis&#39;fora.</span> 
     </span>
    </p>
   </div>
   <div class='ocr_carea' id='block_1_3' title="bbox 136 2557 1323 2656">
    <p class='ocr_par' dir='ltr' id='par_1_3' title="bbox 136 2557 1323 2656">
     <span class='ocr_line' id='line_1_18' title="bbox 136 2557 1323 2656; baseline 0.004 -30"><span class='ocrx_word' id='word_1_137' title='bbox 136 2634 139 2644; x_wconf 32' lang='lat'><strong><em>¹</em></strong></span> <span class='ocrx_word' id='word_1_138' title='bbox 175 2557 216 2626; x_wconf 94' lang='lat' dir='ltr'>Id</span> <span class='ocrx_word' id='word_1_139' title='bbox 234 2565 302 2651; x_wconf 81' lang='lat' dir='ltr'>ego&#39;</span> <span class='ocrx_word' id='word_1_140' title='bbox 313 2558 563 2651; x_wconf 89' lang='lat' dir='ltr'>jusjurandum,</span> <span class='ocrx_word' id='word_1_141' title='bbox 587 2563 673 2656; x_wconf 91' lang='lat' dir='ltr'>patri</span> <span class='ocrx_word' id='word_1_142' title='bbox 694 2562 822 2650; x_wconf 84' lang='lat' dir='ltr'>datum,</span> <span class='ocrx_word' id='word_1_143' title='bbox 845 2586 948 2655; x_wconf 88' lang='lat' dir='ltr'>usque</span> <span class='ocrx_word' id='word_1_144' title='bbox 968 2563 1009 2632; x_wconf 81' lang='lat' dir='ltr'>a&#39;d</span> <span class='ocrx_word' id='word_1_145' title='bbox 1029 2565 1115 2632; x_wconf 89' lang='lat' dir='ltr'>hanc</span> <span class='ocrx_word' id='word_1_146' title='bbox 1134 2577 1209 2631; x_wconf 75' lang='lat' dir='ltr'>ata-</span> <span class='ocrx_word' id='word_1_147' title='bbox 1321 2593 1323 2603; x_wconf 94' lang='lat'>·</span> 
     </span>
    </p>
   </div>
   <div class='ocr_carea' id='block_1_4' title="bbox 85 2679 1316 4208">
    <p class='ocr_par' dir='ltr' id='par_1_4' title="bbox 85 2679 1316 3256">
     <span class='ocr_line' id='line_1_19' title="bbox 134 2679 1210 2776; baseline 0.005 -30"><span class='ocrx_word' id='word_1_148' title='bbox 134 2683 136 2686; x_wconf 76' lang='grc'><strong>’</strong></span> <span class='ocrx_word' id='word_1_149' title='bbox 176 2693 242 2746; x_wconf 89' lang='lat' dir='ltr'>tem</span> <span class='ocrx_word' id='word_1_150' title='bbox 258 2679 304 2747; x_wconf 89' lang='lat' dir='ltr'>ita</span> <span class='ocrx_word' id='word_1_151' title='bbox 319 2683 527 2770; x_wconf 85' lang='lat' dir='ltr'>conservavi,</span> <span class='ocrx_word' id='word_1_152' title='bbox 543 2696 582 2754; x_wconf 87' lang='lat' dir='ltr'>ut</span> <span class='ocrx_word' id='word_1_153' title='bbox 598 2683 721 2750; x_wconf 88' lang='lat' dir='ltr'>nemini</span> <span class='ocrx_word' id='word_1_154' title='bbox 740 2682 878 2751; x_wconf 92' lang='lat' dir='ltr'>dubium</span> <span class='ocrx_word' id='word_1_155' title='bbox 894 2707 963 2752; x_wconf 84' lang='lat' dir='ltr'>esse</span> <span class='ocrx_word' id='word_1_156' title='bbox 979 2684 1108 2770; x_wconf 89' lang='lat' dir='ltr'>debeat,</span> <span class='ocrx_word' id='word_1_157' title='bbox 1129 2684 1210 2776; x_wconf 90' lang='lat' dir='ltr'>quin</span> 
     </span>
     <span class='ocr_line' id='line_1_20' title="bbox 176 2792 1210 2896; baseline 0.005 -29"><span class='ocrx_word' id='word_1_158' title='bbox 176 2797 303 2892; x_wconf 84' lang='lat' dir='ltr'>reliquo</span> <span class='ocrx_word' id='word_1_159' title='bbox 329 2792 477 2896; x_wconf 89' lang='lat' dir='ltr'>tempore</span> <span class='ocrx_word' id='word_1_160' title='bbox 502 2802 614 2870; x_wconf 86' lang='lat' dir='ltr'>eadem</span> <span class='ocrx_word' id='word_1_161' title='bbox 639 2817 748 2871; x_wconf 89' lang='lat' dir='ltr'>mente</span> <span class='ocrx_word' id='word_1_162' title='bbox 771 2805 832 2871; x_wconf 93' lang='lat' dir='ltr'>sim</span> <span class='ocrx_word' id='word_1_163' title='bbox 858 2803 998 2872; x_wconf 90' lang='lat' dir='ltr'>futurus.</span> <span class='ocrx_word' id='word_1_164' title='bbox 1027 2806 1154 2892; x_wconf 89' lang='lat' dir='ltr'>Quare,</span> <span class='ocrx_word' id='word_1_165' title='bbox 1183 2804 1210 2872; x_wconf 94' lang='lat' dir='ltr'>si</span> 
     </span>
     <span class='ocr_line' id='line_1_21' title="bbox 85 2920 1316 3022; baseline 0.005 -35"><span class='ocrx_word' id='word_1_166' title='bbox 85 2944 88 2950; x_wconf 90' lang='lat'>·</span> <span class='ocrx_word' id='word_1_167' title='bbox 176 2920 258 3013; x_wconf 91' lang='lat' dir='ltr'>quid</span> <span class='ocrx_word' id='word_1_168' title='bbox 279 2923 382 2990; x_wconf 86' lang='lat' dir='ltr'>amice</span> <span class='ocrx_word' id='word_1_169' title='bbox 402 2923 442 2991; x_wconf 90' lang='lat' dir='ltr'>de</span> <span class='ocrx_word' id='word_1_170' title='bbox 463 2924 619 2992; x_wconf 87' lang='lat' dir='ltr'>Romanis</span> <span class='ocrx_word' id='word_1_171' title='bbox 640 2923 816 3017; x_wconf 83' lang='lat' dir='ltr'>cogitabis,</span> <span class='ocrx_word' id='word_1_172' title='bbox 837 2949 905 2992; x_wconf 89' lang='lat' dir='ltr'>non</span> <span class='ocrx_word' id='word_1_173' title='bbox 926 2924 1151 3019; x_wconf 89' lang='lat' dir='ltr'>imprudenter</span> <span class='ocrx_word' id='word_1_174' title='bbox 1168 2923 1236 3022; x_wconf 61' lang='lat' dir='ltr'>fe·⁸</span> <span class='ocrx_word' id='word_1_175' title='bbox 1313 2951 1316 2958; x_wconf 92' lang='lat'>·</span> 
     </span>
     <span class='ocr_line' id='line_1_22' title="bbox 176 3040 1211 3138; baseline 0.004 -32"><span class='ocrx_word' id='word_1_176' title='bbox 176 3040 275 3127; x_wconf 86' lang='lat' dir='ltr'>ceris,</span> <span class='ocrx_word' id='word_1_177' title='bbox 293 3041 320 3108; x_wconf 90' lang='lat' dir='ltr'>si</span> <span class='ocrx_word' id='word_1_178' title='bbox 337 3065 389 3110; x_wconf 85' lang='lat' dir='ltr'>me</span> <span class='ocrx_word' id='word_1_179' title='bbox 404 3040 532 3128; x_wconf 81' lang='lat' dir='ltr'>celaris3</span> <span class='ocrx_word' id='word_1_180' title='bbox 549 3068 654 3135; x_wconf 92' lang='lat' dir='ltr'>quum</span> <span class='ocrx_word' id='word_1_181' title='bbox 669 3042 801 3134; x_wconf 89' lang='lat' dir='ltr'>quidem</span> <span class='ocrx_word' id='word_1_182' title='bbox 816 3041 939 3111; x_wconf 94' lang='lat' dir='ltr'>bellum</span> <span class='ocrx_word' id='word_1_183' title='bbox 954 3044 1099 3136; x_wconf 74' lang='lat' dir='ltr'>parabiS,</span> <span class='ocrx_word' id='word_1_184' title='bbox 1115 3058 1148 3111; x_wconf 87' lang='lat' dir='ltr'>te</span> <span class='ocrx_word' id='word_1_185' title='bbox 1165 3045 1211 3138; x_wconf 88' lang='lat' dir='ltr'>ip-</span> 
     </span>
     <span class='ocr_line' id='line_1_23' title="bbox 176 3158 1210 3256; baseline 0.002 -31"><span class='ocrx_word' id='word_1_186' title='bbox 176 3182 250 3225; x_wconf 90' lang='lat' dir='ltr'>sum</span> <span class='ocrx_word' id='word_1_187' title='bbox 268 3158 491 3247; x_wconf 87' lang='lat' dir='ltr'>frustraberis,</span> <span class='ocrx_word' id='word_1_188' title='bbox 511 3162 538 3228; x_wconf 92' lang='lat' dir='ltr'>si</span> <span class='ocrx_word' id='word_1_189' title='bbox 555 3187 623 3230; x_wconf 92' lang='lat' dir='ltr'>non</span> <span class='ocrx_word' id='word_1_190' title='bbox 642 3187 694 3229; x_wconf 90' lang='lat' dir='ltr'>me</span> <span class='ocrx_word' id='word_1_191' title='bbox 715 3163 748 3229; x_wconf 91' lang='lat' dir='ltr'>in</span> <span class='ocrx_word' id='word_1_192' title='bbox 769 3186 808 3228; x_wconf 89' lang='lat' dir='ltr'>eo</span> <span class='ocrx_word' id='word_1_193' title='bbox 825 3163 1005 3256; x_wconf 86' lang='lat' dir='ltr'>principem</span> <span class='ocrx_word' id='word_1_194' title='bbox 1021 3165 1210 3256; x_wconf 77' lang='lat' dir='ltr'>posueris.»</span> 
     </span>
    </p>

    <p class='ocr_par' dir='ltr' id='par_1_5' title="bbox 160 3280 1218 4208">
     <span class='ocr_line' id='line_1_24' title="bbox 223 3280 1211 3376; baseline 0.002 -30"><span class='ocrx_word' id='word_1_195' title='bbox 223 3280 281 3346; x_wconf 87' lang='lat'>111.</span> <span class='ocrx_word' id='word_1_196' title='bbox 308 3284 378 3346; x_wconf 92' lang='lat' dir='ltr'>Hac</span> <span class='ocrx_word' id='word_1_197' title='bbox 394 3281 509 3372; x_wconf 90' lang='lat' dir='ltr'>igitur,</span> <span class='ocrx_word' id='word_1_198' title='bbox 530 3305 597 3373; x_wconf 88' lang='lat' dir='ltr'>qua</span> <span class='ocrx_word' id='word_1_199' title='bbox 615 3281 771 3368; x_wconf 71' lang='lat' dir='ltr'>diximus,</span> <span class='ocrx_word' id='word_1_200' title='bbox 783 3295 877 3349; x_wconf 83' lang='lat' dir='ltr'>aetate</span> <span class='ocrx_word' id='word_1_201' title='bbox 890 3306 966 3348; x_wconf 93' lang='lat' dir='ltr'>cum</span> <span class='ocrx_word' id='word_1_202' title='bbox 982 3295 1075 3376; x_wconf 90' lang='lat' dir='ltr'>patre</span> <span class='ocrx_word' id='word_1_203' title='bbox 1091 3282 1124 3348; x_wconf 94' lang='lat' dir='ltr'>in</span> <span class='ocrx_word' id='word_1_204' title='bbox 1140 3283 1211 3348; x_wconf 89' lang='lat' dir='ltr'>His-</span> 
     </span>
     <span class='ocr_line' id='line_1_25' title="bbox 176 3398 1215 3494; baseline 0.006 -31"><span class='ocrx_word' id='word_1_205' title='bbox 176 3398 307 3490; x_wconf 89' lang='lat' dir='ltr'>pania&#39;m</span> <span class='ocrx_word' id='word_1_206' title='bbox 332 3398 498 3493; x_wconf 88' lang='lat' dir='ltr'>profectus</span> <span class='ocrx_word' id='word_1_207' title='bbox 524 3414 600 3468; x_wconf 78' lang='lat' dir='ltr'>est:</span> <span class='ocrx_word' id='word_1_208' title='bbox 620 3401 713 3492; x_wconf 86' lang='lat' dir='ltr'>cujus</span> <span class='ocrx_word' id='word_1_209' title='bbox 742 3415 817 3494; x_wconf 89' lang='lat' dir='ltr'>post</span> <span class='ocrx_word' id='word_1_210' title='bbox 840 3400 981 3487; x_wconf 89' lang='lat' dir='ltr'>obitum,</span> <span class='ocrx_word' id='word_1_211' title='bbox 1008 3399 1215 3492; x_wconf 84' lang='lat' dir='ltr'>Hasdrubale</span> 
     </span>
     <span class='ocr_line' id='line_1_26' title="bbox 176 3495 1218 3613; baseline 0.005 -31"><span class='ocrx_word' id='word_1_212' title='bbox 176 3517 373 3609; x_wconf 88' lang='lat' dir='ltr'>imperatore</span> <span class='ocrx_word' id='word_1_213' title='bbox 394 3511 548 3604; x_wconf 80' lang='lat' dir='ltr'>suffecto,</span> <span class='ocrx_word' id='word_1_214' title='bbox 574 3521 734 3612; x_wconf 89' lang='lat' dir='ltr'>equitatui</span> <span class='ocrx_word' id='word_1_215' title='bbox 757 3521 847 3588; x_wconf 89' lang='lat' dir='ltr'>omni</span> <span class='ocrx_word' id='word_1_216' title='bbox 870 3519 1010 3613; x_wconf 86' lang='lat' dir='ltr'>praefuit.</span> <span class='ocrx_word' id='word_1_217' title='bbox 1034 3524 1107 3587; x_wconf 91' lang='lat' dir='ltr'>Hoc</span> <span class='ocrx_word' id='word_1_218' title='bbox 1128 3495 1218 3611; x_wconf 65' lang='lat' dir='ltr'>quo·¹</span> 
     </span>
     <span class='ocr_line' id='line_1_27' title="bbox 160 3611 1212 3733; baseline 0.008 -33"><span class='ocrx_word' id='word_1_219' title='bbox 160 3611 241 3727; x_wconf 49' lang='lat' dir='ltr'>qquc</span> <span class='ocrx_word' id='word_1_220' title='bbox 258 3635 444 3724; x_wconf 86' lang='lat' dir='ltr'>interfecto,</span> <span class='ocrx_word' id='word_1_221' title='bbox 461 3639 621 3706; x_wconf 88' lang='lat' dir='ltr'>exercitus</span> <span class='ocrx_word' id='word_1_222' title='bbox 645 3665 805 3708; x_wconf 89' lang='lat' dir='ltr'>summam</span> <span class='ocrx_word' id='word_1_223' title='bbox 825 3640 952 3733; x_wconf 88' lang='lat' dir='ltr'>imperii</span> <span class='ocrx_word' id='word_1_224' title='bbox 970 3639 1012 3707; x_wconf 92' lang='lat' dir='ltr'>ad</span> <span class='ocrx_word' id='word_1_225' title='bbox 1030 3665 1104 3707; x_wconf 90' lang='lat' dir='ltr'>eum</span> <span class='ocrx_word' id='word_1_226' title='bbox 1120 3640 1212 3708; x_wconf 90' lang='lat' dir='ltr'>detu-</span> 
     </span>
     <span class='ocr_line' id='line_1_28' title="bbox 177 3752 1210 3855; baseline 0.007 -34"><span class='ocrx_word' id='word_1_227' title='bbox 177 3752 223 3821; x_wconf 85' lang='lat' dir='ltr'>lit.</span> <span class='ocrx_word' id='word_1_228' title='bbox 241 3753 300 3841; x_wconf 89' lang='lat' dir='ltr'>Id,</span> <span class='ocrx_word' id='word_1_229' title='bbox 316 3756 549 3849; x_wconf 85' lang='lat' dir='ltr'>Carthaginem</span> <span class='ocrx_word' id='word_1_230' title='bbox 565 3756 723 3844; x_wconf 89' lang='lat' dir='ltr'>delatum,</span> <span class='ocrx_word' id='word_1_231' title='bbox 740 3758 869 3854; x_wconf 89' lang='lat' dir='ltr'>publice</span> <span class='ocrx_word' id='word_1_232' title='bbox 885 3759 1133 3855; x_wconf 90' lang='lat' dir='ltr'>comprobatum</span> <span class='ocrx_word' id='word_1_233' title='bbox 1151 3774 1210 3828; x_wconf 88' lang='lat' dir='ltr'>est.</span> 
     </span>
     <span class='ocr_line' id='line_1_29' title="bbox 177 3872 1212 3973; baseline 0.004 -31"><span class='ocrx_word' id='word_1_234' title='bbox 177 3873 231 3942; x_wconf 88' lang='lat' dir='ltr'>Sic</span> <span class='ocrx_word' id='word_1_235' title='bbox 245 3872 428 3962; x_wconf 85' lang='lat' dir='ltr'>Hannibal,</span> <span class='ocrx_word' id='word_1_236' title='bbox 443 3879 552 3944; x_wconf 92' lang='lat' dir='ltr'>minor</span> <span class='ocrx_word' id='word_1_237' title='bbox 570 3879 717 3970; x_wconf 91' lang='lat' dir='ltr'>quinque</span> <span class='ocrx_word' id='word_1_238' title='bbox 736 3894 769 3947; x_wconf 90' lang='lat' dir='ltr'>et</span> <span class='ocrx_word' id='word_1_239' title='bbox 784 3881 902 3973; x_wconf 91' lang='lat' dir='ltr'>viginti</span> <span class='ocrx_word' id='word_1_240' title='bbox 918 3881 1013 3948; x_wconf 91' lang='lat' dir='ltr'>annis</span> <span class='ocrx_word' id='word_1_241' title='bbox 1028 3895 1138 3966; x_wconf 91' lang='lat' dir='ltr'>natus,</span> <span class='ocrx_word' id='word_1_242' title='bbox 1156 3879 1212 3946; x_wconf 92' lang='lat' dir='ltr'>im·</span> 
     </span>
     <span class='ocr_line' id='line_1_30' title="bbox 173 3992 1211 4093; baseline 0.007 -35"><span class='ocrx_word' id='word_1_243' title='bbox 173 3994 309 4085; x_wconf 85' lang='lat' dir='ltr'>&#39;perator</span> <span class='ocrx_word' id='word_1_244' title='bbox 323 3992 443 4081; x_wconf 87' lang='lat' dir='ltr'>factus,</span> <span class='ocrx_word' id='word_1_245' title='bbox 461 3996 610 4088; x_wconf 83' lang='lat' dir='ltr'>proximo</span> <span class='ocrx_word' id='word_1_246' title='bbox 630 3997 771 4066; x_wconf 88' lang='lat' dir='ltr'>triennio</span> <span class='ocrx_word' id='word_1_247' title='bbox 787 4024 900 4068; x_wconf 93' lang='lat' dir='ltr'>omnes</span> <span class='ocrx_word' id='word_1_248' title='bbox 918 4014 1029 4092; x_wconf 89' lang='lat' dir='ltr'>gentes</span> <span class='ocrx_word' id='word_1_249' title='bbox 1047 4000 1211 4093; x_wconf 77' lang='lat' dir='ltr'>Hispania</span> 
     </span>
     <span class='ocr_line' id='line_1_31' title="bbox 176 4107 1212 4208; baseline 0.009 -32"><span class='ocrx_word' id='word_1_250' title='bbox 176 4108 261 4180; x_wconf 87' lang='lat' dir='ltr'>bello</span> <span class='ocrx_word' id='word_1_251' title='bbox 283 4107 440 4206; x_wconf 87' lang='lat' dir='ltr'>subegit:</span> <span class='ocrx_word' id='word_1_252' title='bbox 465 4118 665 4208; x_wconf 91' lang='lat' dir='ltr'>Saguntum,</span> <span class='ocrx_word' id='word_1_253' title='bbox 687 4114 876 4185; x_wconf 83' lang='lat' dir='ltr'>foederatam</span> <span class='ocrx_word' id='word_1_254' title='bbox 901 4119 1081 4206; x_wconf 87' lang='lat' dir='ltr'>civitatem,</span> <span class='ocrx_word' id='word_1_255' title='bbox 1107 4119 1138 4185; x_wconf 94' lang='lat' dir='ltr'>vi</span> <span class='ocrx_word' id='word_1_256' title='bbox 1161 4143 1212 4187; x_wconf 81' lang='lat' dir='ltr'>ex-</span> 
     </span>
    </p>
   </div>
   <div class='ocr_carea' id='block_1_5' title="bbox 0 0 1588 5048">
    <p class='ocr_par' dir='ltr' id='par_1_6' title="bbox 0 0 1588 5048">
     <span class='ocr_line' id='line_1_32' title="bbox 0 0 1588 5048; baseline 0 0"><span class='ocrx_word' id='word_1_257' title='bbox 0 0 1588 5048; x_wconf 95' lang='lat' dir='ltr'> </span> 
     </span>
    </p>
   </div>
  </div>
 </body>
</html>
