3114 5032
372 426 424 493 184
634 429 790 484 JOANNIS
811 429 924 492 HENR.
944 431 1137 487 SCHLEGEL

366 552 478 608 videtur
493 544 647 626 diligentia
663 554 737 610 illius
753 553 878 624 librarii,
899 556 947 628 qui
965 555 1096 630 epistolas
1111 547 1256 610 Ciceronis
1272 556 1310 612 ad
1328 558 1418 612 Atti-

364 663 427 699 cum
443 645 602 722 exscripsit,
617 647 712 719 eisque
735 665 750 701 e
770 646 828 700 vita
848 646 935 702 Attici
951 649 1047 703 lumen
1062 647 1157 702 afferri
1176 666 1259 721 posse
1275 649 1417 706 credidit.

364 733 435 790 inde
451 736 538 806 forte,
554 738 793 810 quum'perierint
806 738 921 811 reliquae
937 738 1000 794 ritae
1016 739 1053 794 ad
1068 739 1172 793 librum
1186 738 1223 794 de
1239 739 1308 794 viris
1322 740 1418 796 illus-

363 827 452 883 tribus
464 829 649 902 pertinentes,
663 830 723 885 sola
736 827 794 883 iila
807 829 894 884 Attici
906 839 1014 886 serrata
1029 840 1077 885 est.
1092 831 1181 885 Fuere
1195 828 1241 903 qui
1255 845 1418 904 negarent,
1553 867 1554 914 q

362 920 477 992 periisse
497 921 620 976 Cornelii
631 939 701 994 opus
716 921 753 975 de
770 921 839 976 viris
853 922 1012 977 illustribus.
1031 921 1156 976 Relictus
1170 931 1212 976 est
1227 921 1302 976 enim
1317 923 1415 979 libel-

363 1013 405 1068 lus
421 1013 522 1068 eodem
539 1012 656 1067 nornine
671 1012 836 1086 insignitus,
853 1024 880 1067 et
897 1033 912 1067 a
930 1013 1014 1068 variis
1033 1012 1189 1069 editoribus
1207 1013 1336 1068 Cornelio
1352 1017 1415 1071 ad-

362 1105 490 1178 scriptus.
506 1105 563 1160 Sed
584 1103 665 1160 facile
685 1105 819 1179 perspicit
838 1104 997 1178 intelligens
1020 1107 1125 1174 lector,
1149 1123 1209 1160 non
1228 1097 1414 1178 posse‘hunc

361 1197 489 1252 libellum
504 1197 541 1253 ad
557 1197 672 1270 Augusti
694 1215 806 1252 auream
821 1207 930 1252 atatem
945 1195 1058 1267 referri3
1074 1207 1102 1252 et
1118 1198 1210 1265 locus,
1227 1215 1312 1269 quem
1335 1199 1413 1252 Gel-

362 1289 415 1343 lius
433 1289 568 1345 Cornelio
587 1306 617 1344 sc
636 1289 740 1344 debere
756 1288 809 1356 ait,
825 1289 855 1344 in
872 1307 907 1344 eo
922 1305 982 1343 non
999 1288 1150 1343 invenitur.
1168 1283 1317 1344 Praefirum
1337 1291 1411 1362 qui-

361 1381 425 1437 dem
442 1391 484 1436 est
499 1382 564 1436 huic
578 1381 689 1450 libello,
705 1381 737 1435 in
753 1381 878 1436 editione
895 1365 1121 1436 Fianeofirtensi
1140 1380 1207 1434 anni
1228 1379 1318 1447 1608,
1335 1381 1411 1436 Cor-

318 1469 320 1474 ’
360 1473 430 1527 ruelii
435 1473 556 1546 Nepotis
568 1492 690 1542 nomen3
703 1473 753 1528 sed
765 1471 796 1527 in
808 1471 973 1546 praelatione
987 1471 1110 1528 ostendit
1126 1471 1255 1526 Andreas
1262 1471 1408 1539 Schottus,

360 1565 454 1620 multis
467 1565 623 1639 lucidisque
636 1564 818 1638 argumentis,
832 1565 908 1618 hunc
923 1564 959 1619 de
977 1563 1045 1618 viris
1059 1563 1213 1618 illustribus
1228 1564 1334 1618 librum
1350 1584 1409 1619 ne-

360 1675 415 1729 que
434 1657 574 1725 Comclrh,
592 1675 684 1730 neque
705 1657 816 1724 Plinio,
838 1674 930 1729 neque
953 1655 1081 1710 Suetonii
1089 1655 1314 1711 adscribendum
1332 1675 1406 1711 esse.

359 1750 442 1803 Nunc
459 1748 601 1804 communi
620 1749 678 1804 sere
694 1749 871 1814 eruditorum
885 1766 1022 1803 consensu
1041 1748 1158 1805 Aurelio
1177 1749 1282 1806 Victori
1294 1748 1406 1804 tribui·

359 1850 419 1908 tur,
436 1841 484 1913 qui
502 1841 554 1896 sub
570 1841 682 1896 iuliano
700 1840 773 1896 vixit
788 1860 875 1914 usque
890 1841 927 1897 ad
942 1840 1142 1895 Theodosium.

400 1933 555 1989 Cornelium
575 1934 611 1990 de
635 1933 765 1989 Cicerone
784 1933 921 2007 singulari
936 1933 1029 1988 studio
1045 1933 1140 2006 plures
1156 1932 1346 2005 composuisse
1363 1935 1404 1988 li-

359 2026 439 2096 bros,
458 2027 565 2082 Gellius
584 2027 686 2082 iterum
704 2026 781 2081 testis
802 2037 856 2096 est,
876 2024 979 2080 erroris
998 2034 1091 2079 tamen
1112 2041 1176 2078 eum
1198 2042 1328 2080 accusans
1348 2026 1404 2081 ad-

358 2119 436 2174 missi
453 2118 484 2173 in
501 2130 580 2174 aetate
592 2119 735 2175 Ciceronis
749 2118 952 2192 computanda,
968 2118 986 2171 l.
1003 2136 1052 2186 xv,
1071 2135 1094 2170 c.
1111 2115 1156 2171 28.

401 2211 559 2284 Cornelium
566 2212 654 2266 multa
662 2210 824 2280 tradidisse,
836 2229 897 2283 quae
904 2210 941 2265 ad
948 2208 1166 2282 descriptionem
1177 2208 1254 2263 orbis
1261 2219 1404 2264 terrarum

358 2314 499 2378 spectant,
515 2302 646 2358 discimus
664 2322 680 2359 e
697 2304 788 2358 Plinii
800 2304 927 2358 Historia
945 2301 1088 2364 Naturali.
1106 2301 1234 2357 Subinde
1252 2301 1353 2356 citatur
1370 2303 1405 2357 in

356 2398 412 2451 hoc
431 2399 632 2476 opere'Nepos
653 2406 787 2470 tanquam
808 2395 929 2469 scriptor
950 2393 1007 2450 fide
1028 2395 1145 2467 dignus,
1163 2394 1213 2449 sed
1231 2394 1405 2468 quibusdam

356 2489 385 2543 in
402 2489 472 2544 locis
489 2489 576 2544 nimia
592 2489 618 2543 ei
635 2484 822 2562 exprobratur
840 2488 996 2543 credulitas.
1010 2487 1120 2542 Plinius
1135 2484 1200 2542 salis
1216 2487 1325 2542 habens
1340 2507 1403 2543 no-

356 2580 476 2636 minasse
497 2591 640 2637 auctorem
662 2581 801 2635 librorum
819 2581 856 2636 ad
872 2569 942 2654 quos
963 2575 1138 2654 respexerat,
1160 2579 1257 2634 titulos
1277 2590 1405 2652 praeter-

354 2673 449 2728 mittit.
470 2673 537 2728 Pari
555 2673 657 2742 mod0,
675 2673 755 2727 libris
778 2659 838 2728 non
865 2672 1030 2742 nominatis,
1053 2672 1084 2727 in
1109 2671 1178 2728 locis
1201 2672 1405 2745 geographicis

356 2755 482 2821 Cornelii
499 2765 673 2820 mentionem
692 2765 796 2820 faciunt
812 2767 890 2820 Mela
908 2776 935 2820 et
950 2764 1072 2820 Solinus.
1091 2762 1218 2820 Definire
1236 2763 1330 2836 itaque
1349 2766 1403 2820 vix

355 2858 461 2927 audeo,
478 2870 572 2914 utrum
589 2858 735 2913 Cornelius
750 2859 891 2932 singulare
908 2859 943 2913 de
960 2857 1144 2932 Geographia
1163 2851 1233 2932 opus
1252 2858 1402 2930 conscrip-

355 2950 435 3019 serit,
450 2970 487 3004 an
503 2943 595 3005 solum
608 2949 717 3022 scriptis
730 2950 786 3005 suis
797 2950 951 3019 historicis,
964 2950 1112 3005 occasione
1129 2951 1207 3019 data,
1220 2960 1251 3004 nt
1264 2949 1402 3022 Historici

355 3039 498 3098 inlerdum
521 3042 612 3098 facere
630 3053 658 3097 et
680 3044 773 3097 solent
791 3053 819 3098 et
838 3042 959 3110 debent,
979 3042 1119 3114 quaedam,
1135 3061 1195 3116 quae
1214 3043 1252 3107 ad
1274 3060 1401 3115 geogra-

355 3135 453 3209 phiam
473 3135 630 3209 pertinent,
648 3135 819 3209 insperserit.
840 3135 922 3202 Loci,
940 3134 970 3188 in
990 3134 1091 3207 quibus
1109 3135 1203 3189 nimia·
1225 3134 1401 3190 credulitatis

354 3229 495 3303 arguitur,
511 3239 575 3284 sunt
586 3228 668 3284 Plinii
676 3228 747 3283 Hist.
761 3230 838 3296 Nat,
852 3228 870 3281 l.
882 3246 941 3296 111,
954 3231 980 3281 cl
998 3225 1032 3281 18
1050 3236 1078 3281 et
1093 3228 1112 3281 l.
1126 3245 1153 3295 v,
1169 3246 1193 3283 c.
1215 3246 1238 3281 1.
1254 3229 1288 3282 In
1301 3226 1400 3300 priore

354 3325 418 3378 loco
445 3322 591 3378 Cornelius
614 3319 963 3394 Nepos'rcprchenditur,
984 3319 1062 3392 quod
1084 3337 1143 3372 non
1167 3319 1317 3387 dubitarit,
1336 3318 1399 3391 ipse

353 3415 424 3470 Padi
442 3416 551 3484 accola,
570 3434 618 3468 sua
630 3411 687 3468 fide
700 3411 813 3468 firmare
833 3422 1022 3467 commentum
1040 3410 1110 3465 illud
1121 3411 1163 3465 de
1179 3414 1252 3466 Istro
1272 3411 1398 3485 quodam

353 3503 484 3575 flumine,
505 3507 617 3579 quode
640 3504 772 3560 Danubio
794 3504 825 3558 in
844 3504 964 3558 Adriani
988 3501 1102 3558 effluere
1125 3504 1341 3577 perhibebatur,
1362 3523 1397 3558 ex

353 3599 473 3654 adverso
490 3599 560 3652 Padi
577 3598 676 3653 fauces.
691 3599 726 3652 In
743 3595 866 3653 secundo
885 3598 964 3665 loco,
980 3596 1029 3669 qui
1047 3581 1246 3652 Mauritaniam
1264 3596 1393 3670 Tingita-

353 3708 419 3746 num
437 3691 591 3764 urbemque
609 3699 637 3744 et
658 3707 770 3744 amnem
787 3688 873 3743 Lixos
891 3689 1003 3757 attinet,
1022 3689 1133 3762 gravius
1154 3707 1169 3744 a
1190 3689 1285 3769 Plinio
1302 3690 1396 3744 incre-

266 3843 270 3852 ,
297 3825 299 3838 .
352 3792 434 3855 patur
444 3783 556 3837 Noster.
568 3775 639 3835 ¹Haec
657 3780 732 3834 enirn
747 3790 812 3834 sunt
827 3781 914 3835 verba
931 3801 938 3835 :
958 3805 969 3830 3
984 3782 1082 3836 Exstat
1097 3781 1127 3836 in
1146 3801 1179 3838 ea
1194 3779 1277 3858 (Lixo
1293 3780 1396 3858 insula)

353 3893 401 3930 ara
418 3874 561 3942 Herculis,
581 3891 633 3928 nec
650 3882 751 3944 praeter
769 3873 904 3930 oleastros
924 3875 1001 3930 aliud
1019 3894 1054 3930 ex
1070 3887 1185 3932 namato
1203 3876 1254 3931 illo
1274 3875 1396 3932 aurifero

353 3985 477 4022 nemore.
495 3967 590 4022 Minus
609 3965 738 4040 profecto
760 3966 898 4022 mirentur
915 3979 1081 4041 portentosa
1100 3970 1214 4026 Graeciae
1234 3969 1397 4037 mendacia,

354 4057 388 4112 dc
408 4057 441 4112 iis
460 4069 487 4113 et
506 4078 588 4114 amne
605 4057 678 4113 Lixo
696 4058 825 4132 prodita,
844 4062 892 4134 qui
914 4061 1051 4135 cogitent,
1070 4074 1183 4119 nostros
1202 4083 1294 4138 nuper
1310 4064 1405 4144 paulo¹
