3198 5174
556 675 648 732 VITA
668 677 716 731 ET
736 676 901 740 SCRIPTA.
1235 697 1252 738 v

218 802 341 872 indicat
357 827 396 874 eo
415 827 505 872 nunc
525 801 566 870 de
584 804 712 871 Catone
729 800 860 871 brevius
877 825 911 868 se
928 825 1042 906 agere,
1060 804 1140 895 quia
1158 827 1251 896 sepa·

220 937 314 1006 ratim
330 935 370 1002 de
386 934 503 1003 eodem
521 935 696 1028 scripserit.
714 938 803 1028 Ergo
821 935 888 1006 vita
907 933 963 1004 illa
981 937 1133 1022 Catonis,
1151 955 1258 1032 quarn

220 1070 330 1164 paucis
341 1071 549 1164 perstrictam
565 1039 741 1157 hahemus,
754 1069 889 1161 majoris
904 1095 981 1164 pars
999 1087 1047 1140 est
1060 1071 1253 1160 voluminis,

219 1202 251 1272 in
271 1225 338 1294 quo
355 1203 584 1274 Romanorum
604 1200 823 1294 complurium
840 1203 916 1270 vitae
934 1204 1191 1274 continerentur.

265 1331 412 1426 Reliquit
421 1335 520 1404 etiam
533 1333 767 1428 Exemplorum
778 1333 894 1422 libros,
906 1359 989 1428 quos
1000 1337 1103 1406 citant
1112 1337 1254 1432 Gellius,

156 1505 160 1514 ·
218 1466 273 1536 lib.
293 1491 360 1555 vu,
380 1491 452 1561 cap.
476 1466 533 1555 18,
551 1482 584 1536 et
608 1468 792 1556 Charisius,
808 1435 864 1537 lib.
881 1493 904 1537 1.
918 1468 993 1541 Alia
1009 1493 1141 1563 quoque
1164 1472 1252 1564 ejus·

218 1602 292 1671 dem
302 1599 439 1670 laudant
448 1616 587 1689 veteres3
601 1601 735 1670 sednon
749 1603 842 1690 item,
856 1625 929 1695 quae
944 1603 986 1672 ad
995 1603 1165 1674 historiam
1178 1606 1253 1699 per·

180 1807 182 1812 ,
217 1736 353 1804 tineent.
368 1736 453 1808 Nam
465 1759 505 1804 ex
518 1732 655 1829 epistola
668 1735 738 1826 ejus
749 1732 792 1802 ad
804 1735 996 1812 Ciceronem
1010 1735 1159 1829 queedam
1172 1740 1255 1806 Lac·

216 1869 342 1939 tentius
371 1867 480 1955 affert,
502 1866 558 1937 lib.
583 1891 638 1953 111,
660 1837 1033 1962 Institut.dzl¹1iz.,cap.
1057 1864 1109 1938 15.
1128 1870 1253 1958 Quem·

216 2001 396 2071 admodum
427 2016 460 2070 et
486 1991 653 2070 Ciceronis
677 1998 720 2068 ad
746 2001 909 2094 Nepotem
937 1999 1081 2095 epistole
1106 2003 1255 2077 meminit

216 2135 396 2202 Suetonius
421 2135 456 2201 in
481 2131 583 2220 lulio,
613 2158 685 2227 cap.
711 2127 772 2219 553
800 2131 993 2201 Ammianus
1025 2132 1253 2223 Marcellinus,

217 2266 314 2335 initio
332 2265 409 2334 libri
426 2289 524 2351 xxv13
542 2290 580 2333 ac
599 2266 802 2352 Priscianus,
820 2263 876 2333 lib.
899 2289 974 2334 v111.
995 2265 1068 2334 Imo
1084 2281 1118 2335 et
1139 2292 1254 2338 secun-

217 2397 298 2465 dum
309 2398 476 2466 Ciceronis
487 2395 699 2490 epistolarum
711 2395 884 2467 librumad
894 2399 1254 2492 NepotemMacrohius

217 2529 317 2616 citat,
336 2526 392 2596 lib.
418 2551 445 2596 11
470 2528 659 2612 Satumal.‚
679 2552 749 2622 cap.
774 2554 796 2598 1.
817 2528 961 2618 Quodsi
979 2530 1053 2621 quis
1073 2498 1256 2624 fragmenta

217 2663 331 2731 omnia
353 2663 492 2756 Nepotis
514 2659 689 2748 desideret,
713 2659 811 2755 longe
833 2662 872 2729 iis
897 2659 1085 2758 colligendis
1105 2664 1255 2757 priorum

215 2798 298 2865 vicit
316 2797 512 2866 industriam
525 2796 672 2869 Andreas
692 2796 876 2866 schottus..

267 2927 461 2998 Hermolaus
473 2930 656 3017 Barbarus,
669 2928 947 3023 Castigationihus
962 2931 997 2998 in
1010 2929 1108 2998 Plinii
1121 2929 1176 2998 lib.
1191 2955 1254 3019 xv,

216 3087 291 3156 cap.
300 3065 361 3148 ad,
371 3076 495 3149 censet,
506 3060 654 3130 libellum
665 3065 718 3131 De
732 3067 771 3132 V
767 3062 826 3130 ins
834 3061 1015 3132 illustribus
1027 3063 1221 3158 (incipiente
1234 3089 1254 3132 a

214 3197 337 3280 Proca,
350 3219 425 3287 rege
437 3191 670 3286 Albanorum),
689 3195 746 3286 qui
758 3192 867 3288 Plinio
884 3195 984 3262 tribui
1001 3191 1097 3281 solet,
1109 3194 1255 3265 Cornelii

185 3301 187 3304 Ι
215 3329 361 3420 Nepotis
380 3351 464 3414 esse,
488 3325 579 3396 haud
597 3325 710 3413 Plinii;
736 3340 835 3419 atque
852 3326 886 3394 id
902 3327 1068 3432 ueteribus
1087 3327 1254 3398 codicibus

213 3459 346 3528 adstrui
363 3484 458 3553 posse
473 3443 645 3528 asseverat.
661 3459 768 3527 Etiam
782 3459 855 3527 Jani
869 3458 1034 3526 Parrhasii
1047 3459 1116 3527 heac
1130 3474 1254 3528 senten·

213 3593 265 3658 tia
278 3589 350 3657 fuit.
364 3591 480 3659 Utrius
493 3591 549 3678 sit,
572 3561 715 3658 dubitari
729 3591 774 3656 ait
785 3591 939 3676 Vinctus,
958 3615 1018 3658 nec
1032 3590 1173 3659 eadere
1189 3607 1253 3660 sta·

212 3739 313 3792 tuere
322 3721 502 3815 quidquam
511 3747 611 3791 ausus
620 3735 678 3790 est.
688 3724 761 3789 Imo
771 3719 886 3814 aliqui,
903 3736 961 3790 aut
973 3725 1183 3813 Suetonium,
1196 3740 1254 3794 aut

212 3856 387 3941 Tacitum,
407 3879 477 3922 esse
494 3869 661 3923 auctorem
678 3868 852 3948 putarunt,
876 3869 914 3922 ut
932 3854 1053 3923 indicat
1073 3854 1252 3950 Gyraldus,

213 3987 413 4082 dialogismo
423 4011 525 4074 xxV13
539 3987 595 4055 sed
606 3988 742 4056 omnino
760 4003 837 4056 sunt
853 3989 943 4058 Sexti
956 3988 1081 4058 Aurelii
1094 3991 1252 4078 Victoris,

214 4137 259 4189 ut
278 4122 355 4189 satis
374 4144 463 4188 nunc
486 4135 614 4188 constat
634 4145 671 4188 ex
698 4120 839 4190 editione
862 4120 999 4190 Andreae
1020 4122 1154 4189 Schotti.
1175 4122 1252 4191 Non

215 4251 339 4319 dubito
357 4251 487 4318 interim
501 4251 582 4342 quin
593 4249 755 4343 pleraque
769 4277 807 4320 ex
825 4254 953 4346 Nepote
970 4255 1084 4322 Victor
1096 4251 1250 4348 desump-
