3168 5048
253 535 255 540 Ι
336 452 390 508 :oa
573 453 748 511 connum
770 453 924 510 nurons
944 453 1118 510 ruomou.

333 603 396 671 que
419 601 457 645 ea
476 601 511 646 re
533 575 655 669 legatos
673 577 715 645 ad
735 577 1041 672 Polysperchontem
1061 578 1165 665 misit,
1183 581 1240 670 qui
1257 580 1298 648 ab
1318 606 1358 649 eo

332 710 494 790 peterent,
518 711 555 764 ut
580 721 638 765 sua
660 697 789 765 decreta
811 697 1027 766 confirmaret.
1051 700 1125 764 Huc
1146 697 1260 765 eodem
1281 724 1360 793 pro·

311 826 313 832 ’
333 813 436 884 fectus
452 830 500 884 est
521 816 677 884 Phocion.
697 817 775 904 Quo
799 830 836 883 ut
857 816 961 903 venit,
981 840 1110 884 causam
1129 817 1218 910 apud
1235 817 1361 912 Philip-

334 958 413 1026 pum
431 959 539 1028 regem
562 935 678 1022 verbo,
697 936 819 1028 reipsa
842 933 1079 1027 quidemapud
1097 934 1359 1029 Polysperdhon·

334 1065 399 1121 tem
410 1054 523 1146 jussus
541 1068 590 1122 est
607 1053 713 1122 dicere
732 1080 740 1121 τ
756 1077 895 1145 namque
912 1054 939 1121 is
957 1067 1028 1121 tum
1045 1056 1129 1148 regis
1143 1055 1240 1124 rebus
1258 1082 1360 1150 praee-

334 1187 394 1240 ret.
411 1177 474 1244 Hic
493 1173 534 1240 ab
552 1173 723 1266 Agnonide
741 1184 925 1260 accusatus,
944 1172 1032 1263 quod
1050 1174 1189 1241 Piraeum
1202 1175 1360 1244 Nicanori

335 1291 542 1386 prodidisset,
557 1317 596 1360 ex
610 1290 737 1360 concilii
754 1291 912 1359 sententia
928 1291 962 1358 in
977 1290 1157 1382 custodiam
1176 1292 1360 1384 conjectus,

266 1440 275 1458 ·
334 1409 477 1479 Athenas
502 1410 660 1480 deductus
682 1424 744 1497 est,
765 1424 804 1478 ut
825 1409 870 1479 ihi
891 1409 931 1478 de
953 1433 991 1478 eo
1011 1408 1137 1502 legibus
1160 1410 1251 1480 ficret
1270 1412 1361 1503 judi·

336 1528 432 1596 cium.
517 1571 519 1578 ·
562 1532 571 1546 ‘
648 1623 650 1628 ,
1053 1565 1056 1570 ·

383 1650 440 1716 IV.
466 1652 540 1717 Huc
561 1650 618 1718 ubi
640 1664 831 1743 perventum
856 1664 920 1738 est,
944 1673 1046 1741 quum
1072 1664 1208 1743 propter
1230 1664 1361 1719 aetatem

335 1767 471 1859 pedibus
486 1767 554 1859 jam
571 1793 638 1836 non
650 1768 785 1854 valeret,
803 1768 1017 1861 vehiculoque
1032 1782 1229 1862 portaretur,
1247 1772 1361 1862 magui
1385 1801 1390 1816 ‘

335 1910 512 1956 concursus
539 1902 615 1955 sunt
639 1887 733 1974 sacti;
758 1913 859 1980 quum
882 1887 951 1974 alii,
974 1889 1214 1956 reminiscentes
1239 1890 1360 1958 veteris

316 2002 444 2093 'famae,
474 2007 575 2074 aetatis
602 2008 851 2093 misererentur3
881 2004 1014 2100 plurimi
1042 2031 1120 2074 vero
1145 2006 1193 2072 ira
1220 2030 1360 2076 exacue-

334 2138 467 2213 rentur,
496 2140 631 2220 proptcr
654 2125 846 2220 proditionis
872 2125 1087 2218 suspicionem
1114 2125 1228 2214 Piraei,
1255 2128 1376 2194 maxi-·

334 2268 469 2336 meque,
499 2245 588 2338 quod
613 2245 766 2313 adversus
795 2243 909 2338 populi
936 2244 1106 2312 commoda
1132 2245 1166 2313 in
1194 2257 1362 2313 senectute

336 2369 476 2434 steterat
495 2366 571 2453 Qua
589 2365 679 2433 dere
697 2389 739 2431 ne
759 2364 934 2458 perorandi
954 2363 1085 2456 quidem
1104 2365 1134 2432 ei
1147 2364 1289 2432 dataest
1310 2363 1361 2432 fa-

335 2481 453 2573 cultas,
473 2498 505 2552 et
527 2484 654 2580 dicendi
676 2508 814 2552 causam.
841 2483 922 2552 Inde
943 2483 1085 2575 judicio,
1108 2482 1269 2577 legitimis
1286 2485 1362 2575 qui·

333 2603 472 2671 busdam
490 2603 658 2687 confectis,
673 2603 859 2691 damnatus,
879 2603 1017 2670 traditus
1034 2618 1082 2680 est
1101 2602 1250 2671 undecim
1264 2603 1360 2690 sirie,

334 2723 452 2814 quibus
467 2723 506 2790 ad
521 2721 731 2817 supplicium,
747 2747 837 2792 more
851 2724 1112 2810 Atheniensium,
1129 2721 1258 2816 publice
1270 2721 1361 2789 dam-

330 2844 402 2910 'nati
416 2843 500 2911 tradi
513 2842 626 2911 solent.
644 2845 705 2912 Hic
716 2869 818 2936 quum
834 2843 875 2911 ad
891 2857 1028 2911 mortem
1045 2843 1229 2930 duceretur,
1243 2843 1360 2910 obvius

334 2961 363 3027 ei
378 2959 440 3028 fuit
455 2961 683 3056 Emphyletus,
700 2988 766 3055 quo
778 2961 976 3030 familiariter
991 2962 1097 3030 fuerat
1110 2987 1198 3029 usus.
1211 2965 1244 3029 Is
1257 2987 1360 3053 quum
1373 2991 1377 2998 ·

333 3076 514 3172 lacrymans
532 3081 677 3170 dixisset,
699 3085 760 3150 «Ο
782 3107 880 3174 quam
900 3082 1033 3176 indigna
1054 3083 1249 3175 perpeteris,
1272 3082 1361 3149 Pho·

333 3195 423 3267 cion!
434 3229 451 3264 a
470 3201 548 3269 huie
563 3199 616 3269 ille
637 3227 644 3268 :
666 3229 682 3265 n
690 3205 732 3271 At
747 3227 813 3270 non
832 3203 1013 3295 inopinata,
1030 3201 1150 3292 inquit3
1165 3202 1255 3269 hune
1272 3201 1360 3268 enim

332 3320 454 3387 exitum
477 3318 623 3413 plerique
645 3320 723 3389 clari
745 3322 808 3388 viri
830 3321 1016 3388 hahuerunt
1037 3320 1292 3388 Athenienses»
1317 3323 1360 3387 In

331 3439 395 3506 hoc
414 3453 542 3508 tantum
563 3439 626 3508 fuit
645 3441 757 3510 odium
775 3433 1009 3528 multitudinis,
1027 3454 1066 3524 ut
1084 3464 1179 3508 nemo
1198 3443 1296 3508 ausus
1317 3439 1360 3506 sit

332 3580 408 3626 enm
425 3556 507 3626 liber
525 3550 659 3652 sepelire
677 3585 685 3628 :
706 3562 815 3651 itaque
831 3583 851 3626 a
870 3561 969 3628 servis
987 3559 1133 3655 sepultus
1151 3575 1208 3628 est.
