3198 5174
355 470 393 532 ar
693 462 868 518 connum
890 460 1046 520 unrorrs
1103 417 1116 442 ²

352 614 455 676 mam,
476 588 532 660 sed
554 589 653 659 etiam
672 589 840 675 timorem,
857 586 948 682 quod
967 600 1000 655 et
1019 585 1135 655 obesse
1152 583 1335 678 plurimum
1354 603 1387 656 et

351 710 506 806 prodesse
528 723 667 804 poterat.
688 707 934 802 Aspergebatur
953 707 1054 774 etiam
1075 704 1226 790 iufamia,
1245 705 1336 797 quod
1353 708 1387 774 in

351 831 452 900 domo
476 854 535 900 sua
559 827 667 898 facere
694 827 849 920 mysteria
870 824 1061 910 dicebatur;
1085 824 1176 919 quod
1201 823 1292 894 nefas
1317 841 1387 896 erat

351 975 445 1020 more
470 949 722 1040 Atheniensium
743 973 751 1014 z
772 945 873 1039 idque
894 968 963 1014 non
988 944 1030 1015 ad
1050 943 1245 1040 religionem
1266 944 1323 1016 sed
1344 946 1387 1015 ad

352 1069 614 1163 conjurationem
635 1067 800 1160 pertinere
816 1063 1074 1133 existimabatur.

398 1192 456 1260 IV.
475 1191 547 1260 Hoc
565 1187 703 1258 crimine
718 1187 754 1254 in
769 1185 928 1253 concione
945 1183 986 1252 ab
1007 1183 1149 1252 inimicis
1166 1183 1386 1276 compellaba-

350 1325 415 1380 tur.
436 1308 502 1378 Sed
518 1306 661 1378 instabat
677 1319 808 1398 tempus
824 1303 866 1372 ad
882 1300 1007 1371 bellum
1024 1301 1262 1396 proficiscendi.
1277 1304 1317 1372 Id
1333 1303 1387 1374 ille

295 1431 297 1436 ’
350 1431 500 1512 intuens,
515 1449 622 1518 neque
635 1423 792 1519 igndrans
808 1424 930 1494 civium
946 1445 1082 1492 suorum
1100 1423 1387 1511 consuetudinem,

351 1544 541 1643 postulabat
557 1559 611 1626 ut,
631 1546 659 1615 si
679 1543 760 1637 quid
783 1543 825 1612 de
844 1567 878 1614 se
891 1543 946 1637 agi
962 1539 1100 1629 vellent,
1121 1542 1231 1634 potius
1251 1541 1292 1610 de
1308 1568 1389 1635 prte-

351 1681 443 1738 sente
465 1667 592 1760 questio
617 1664 811 1749 haberetur,
828 1687 930 1756 quam
950 1662 1068 1732 absens
1093 1661 1224 1730 invidiae
1248 1663 1388 1730 crimine

352 1800 569 1857 accusaretur.
587 1784 714 1853 Inimici
728 1807 809 1852 vero
828 1785 899 1876 ejus
918 1779 1154 1875 quiescendum
1172 1782 1387 1874 inpraesenti,

350 1908 430 1999 quia
453 1906 565 1974 noceri
593 1928 661 1973 non
689 1926 783 1996 posse
810 1899 1055 1995 intelligebant,
1082 1913 1115 1968 et
1146 1899 1229 1970 illud
1258 1916 1388 1996 tempus

351 2022 608 2120 exspectandum
627 2021 859 2108 decreverunt,
873 2045 940 2112 quo
956 2019 1089 2107 exisset,
1105 2031 1142 2089 ut
1158 2021 1205 2088 sic
1217 2020 1387 2090 absentem

351 2144 623 2238 aggrederentur3
639 2143 750 2236 itaque
765 2140 924 2209 fecerunt.
947 2141 1050 2226 Nam,
1066 2154 1241 2234 postquam
1258 2141 1291 2209 in
1306 2142 1387 2210 Sici-

350 2263 428 2334 liam
446 2284 522 2334 eum
537 2262 724 2357 pervenisse
744 2258 971 2345 crediderunt,
989 2260 1175 2344 absentem,
1189 2260 1279 2354 quod
1294 2287 1388 2332 sacra

350 2388 519 2472 violasset,
540 2407 635 2454 reum
650 2382 810 2451 fecerunt.
827 2380 905 2467 Qua
924 2379 966 2448 de
986 2404 1022 2448 re
1039 2377 1143 2473 quum
1164 2380 1194 2448 ei
1215 2381 1388 2473 nuntiusa

349 2505 543 2598 magistratu
560 2505 594 2572 in
617 2499 762 2572 Siciliam
786 2501 905 2570 missus
921 2513 1021 2586 esset,
1038 2514 1075 2568 ut
1091 2499 1228 2570 domurn
1246 2500 1287 2570 ad
1309 2526 1386 2570 cau-

348 2647 418 2692 sam
431 2623 604 2692 dicendam
618 2621 759 2705 rediret,
774 2634 924 2712 essetque
941 2620 975 2687 iu
992 2643 1112 2713 magna
1128 2643 1186 2712 spe
1206 2621 1387 2714 provincius

347 2742 432 2812 hene
445 2739 728 2826 administrandae3
740 2763 808 2806 non
827 2763 943 2832 parere
959 2737 1081 2825 noluit,
1098 2752 1131 2807 et
1147 2738 1182 2806 in
1201 2741 1386 2828 triremem,

348 2861 475 2955 quoad
490 2885 567 2930 eum
574 2859 818 2953 deportandum
830 2874 902 2928 crat
910 2861 1020 2944 missa,
1034 2858 1288 2929 adscenditflac
1297 2860 1386 2930 Tbu·

347 2984 413 3051 rios
429 2983 464 3050 in
484 2979 614 3050 ltaliam
632 2992 822 3074 pervectus,
840 2977 945 3048 multa
959 3004 1069 3049 secum
1087 2993 1245 3072 reputans
1263 2981 1305 3050 de
1322 2983 1385 3050 im·

345 3101 516 3170 moderata
537 3101 660 3170 civium
686 3124 822 3169 suorum
842 3098 995 3186 licentia,
1019 3097 1280 3194 crudelitateque
1305 3127 1383 3196 erga

344 3220 487 3309 nobiles,
504 3219 714 3290 utilissimum
724 3234 829 3308 ratus,
839 3219 1085 3313 impendentem
1102 3221 1226 3290 evitare
1243 3235 1384 3315 tempes-

345 3357 461 3430 tatem,
481 3340 567 3411 clam
588 3366 622 3410 se
645 3366 665 3410 a
689 3341 880 3410 custodibus
900 3340 1072 3427 subduxit,
1088 3341 1213 3411 atinde
1234 3342 1382 3436 primum

343 3460 488 3549 Elidem,
507 3462 627 3531 deinde
652 3461 781 3532 Thebas
798 3463 900 3530 venit.
921 3465 1100 3556 Postquam
1128 3477 1240 3531 autem
1269 3489 1303 3532 se
1328 3488 1382 3533 ca·

345 3581 421 3676 pitis
431 3580 640 3669 damnatum,
649 3583 746 3650 bonis
755 3579 945 3675 publicatis,
959 3582 1095 3669 audivit,
1110 3597 1156 3669 et,
1166 3581 1201 3650 id
1214 3583 1303 3676 quod
1318 3608 1378 3653 usu

343 3717 495 3790 venerat,
512 3701 726 3796 Eumolpidas
743 3701 929 3770 sacerdotes
944 3726 963 3770 a
978 3700 1103 3796 populo
1120 3719 1268 3791 coactos,
1290 3719 1327 3773 ut
1346 3728 1381 3772 se

343 3820 557 3909 devoverent,
577 3821 712 3915 ejusque
733 3821 933 3910 devotionis,
954 3846 1021 3916 quo
1042 3823 1193 3892 testatior
1212 3837 1296 3892 esset
1310 3847 1381 3890 me·

343 3943 449 4012 moria
469 3941 673 4035 exemplum,
695 3942 730 4008 in
746 3940 813 4035 pila
830 3939 959 4034 lapidea
978 3944 1134 4029 incisum,
1148 3968 1218 4012 esse
1233 3945 1378 4038 positum

346 4065 380 4133 in
398 4064 544 4156 publico,
560 4061 831 4132 Lacedaemonem
849 4062 1053 4157 demigravit.
1074 4065 1139 4152 lbi,
1158 4078 1195 4133 ut
1212 4066 1281 4158 ipse
1297 4087 1379 4159 prae-
