3198 5174
574 637 576 644 κ
662 616 796 673 conon.
853 667 856 675 ,
1211 623 1245 687 a,

214 741 305 814 vitati
325 767 404 812 meae
420 743 462 810 sit
478 713 674 836 opprobrio,
696 743 737 829 si,
756 763 858 834 quum
874 764 914 808 ex
931 764 969 808 ea
986 741 1047 808 sim
1065 740 1247 834 profectus,

213 887 286 955 quae
300 862 413 931 ceteris
428 862 579 955 gentibus
597 862 756 954 imperare
770 861 990 948 consueverit,
1007 861 1117 953 potius
1134 861 1257 929 barba-'

213 1005 341 1066 rorum,
359 976 458 1074 quam
474 979 562 1049 illius
575 1005 668 1049 more
686 979 815 1073 fungar.
834 983 949 1072 ltaque
965 979 1058 1066 huic,
1073 1005 1144 1072 quae
1160 979 1249 1049 vole-

213 1101 283 1186 bat,
301 1102 424 1195 scripta
442 1100 587 1170 tradidit.

259 1222 317 1291 IV.
344 1221 476 1308 Quibus
494 1221 650 1314 cognitis,
665 1243 722 1286 rex
739 1191 868 1288 teritum
886 1221 1079 1288 auctoritate
1095 1220 1164 1312 ejus
1181 1244 1250 1288 mo-

184 1343 187 1355 ’
210 1354 262 1410 tus
282 1355 347 1429 est,
366 1354 404 1408 ut
426 1354 459 1408 et
483 1340 733 1432 Tissaphernem
756 1340 884 1408 hostem
902 1340 1112 1432 judicaverit,
1135 1355 1169 1408 et
1189 1343 1252 1408 La·

209 1461 427 1532 cedaemouios
454 1458 540 1527 bello
566 1461 717 1552 persequi
745 1459 899 1551 jusserit,
929 1473 962 1528 et
988 1461 1018 1528 ei
1048 1460 1250 1554 permiserit,

210 1606 309 1674 quem
326 1577 438 1666 vellet,
459 1578 578 1672 eligere
598 1579 640 1646 ad
661 1579 913 1672 dispensandam
935 1580 1117 1672 pecuniam.
1142 1579 1182 1647 Id
1204 1605 1252 1647 ar-

210 1699 347 1771 bitrium
367 1701 486 1767 Conon
504 1699 636 1792 negavit
653 1699 703 1766 sui
720 1722 789 1766 esse
808 1696 952 1786 consilii,
977 1699 1032 1766 sed
1049 1683 1172 1792 ipsius,
1192 1701 1251 1791 qui

211 1821 334 1916 optime
351 1843 427 1887 suos
445 1843 541 1886 nosse
563 1818 694 1886 deberet
712 1844 719 1884 :
743 1818 798 1886 sed
816 1843 849 1886 se
867 1817 1017 1906 suadere,
1037 1818 1252 1886 Pharnabazo

212 1941 246 2009 id
269 1941 392 2035 negotii
416 1939 516 2007 daret.
542 1940 646 2025 Hinc,
668 1939 1008 2033 magnismuueribus
1032 1938 1188 2022 donatus,
1211 1939 1252 2006 ad

210 2085 300 2130 mare
321 2075 370 2130 est
392 2060 526 2144 missus,
552 2073 590 2127 ut
613 2060 743 2153 Cypriis
766 2075 799 2127 et
821 2059 1049 2148 Phoenicibus,
1073 2059 1253 2151 ceterisque

151 2157 154 2164 i
211 2181 382 2250 maritimis
406 2179 593 2248 civitatibus
621 2177 719 2246 naves
747 2177 862 2272 longas
888 2179 1086 2272 imperaret,
1106 2177 1255 2247 classem-

138 2310 140 2313 ’
213 2325 292 2392 que,
309 2325 382 2392 quae
395 2300 545 2393 proxima
562 2313 675 2366 aestate
688 2323 777 2366 mare
792 2299 877 2366 tueri
891 2312 1017 2392 posset,
1035 2313 1253 2392 compararet;

197 2419 293 2486 ¹'dato
310 2396 461 2510 adjutore
479 2418 708 2507 Pharnabazo,
724 2419 891 2511 sicutipse
908 2417 1067 2486 voluerat.
1085 2418 1125 2486 Id
1141 2433 1179 2488 ut
1192 2421 1255 2488 La·

215 2537 422 2606 cedaemoniis
444 2552 493 2606 est
517 2539 719 2624 nuntiatum,
743 2562 810 2605 non
835 2539 905 2605 siue
926 2562 1005 2605 cura
1029 2562 1098 2605 rem
1112 2536 1256 2606 admini-

162 2685 164 2690 ’
215 2671 381 2745 strarunt,
410 2656 500 2750 quod
522 2657 626 2750 majus
652 2655 774 2725 bellum
799 2657 970 2725 imminere
994 2657 1254 2747 arbitrabantur,

215 2802 314 2871 quam
333 2778 360 2845 si
382 2789 458 2846 cunt
479 2777 621 2845 barbaro
642 2776 748 2845 solum
769 2775 1015 2845 contenderent.
1036 2779 1121 2846 Nam
1139 2777 1256 2847 ducem

214 2896 333 2965 fortem
354 2912 386 2966 et
409 2897 604 2991 prudentem
629 2898 727 2990 regiis
750 2897 867 2990 opibus
886 2896 1124 2989 praehtturum,
1149 2923 1187 2965 ac
1210 2920 1258 2966 se·

216 3042 291 3084 cum
313 3017 546 3085 dimicaturum
568 3017 724 3085 videbant
747 3044 755 3085 ε
780 3042 878 3109 quem
900 3041 1006 3108 neque
1029 3016 1181 3103 consilio,
1205 3043 1259 3086 ne·

217 3162 280 3229 que
299 3130 401 3229 copiis
420 3161 572 3229 superare
586 3150 729 3229 possent.
745 3140 816 3203 Hac
833 3151 943 3202 mente
958 3141 1111 3230 magnam
1129 3151 1259 3205 contra·
1331 3188 1335 3196 .

217 3254 302 3323 hunt
319 3253 469 3342 classem;
487 3254 742 3348 proficiscuntur
757 3255 917 3323 Pisandro
938 3255 1031 3323 duce.
1050 3260 1118 3324 Hos
1140 3252 1258 3325 Conon

218 3375 306 3470 apud
327 3374 471 3452 Cnidum
493 3374 628 3443 adortus
649 3400 769 3468 magno
792 3373 909 3469 proelio
931 3373 1039 3468 fugat,
1059 3376 1178 3445 multas
1203 3403 1260 3444 na·

218 3521 274 3565 ves
292 3496 396 3589 capit,
415 3494 599 3588 complures
624 3495 786 3589 deprimit.
807 3496 885 3582 Qua
903 3497 1042 3564 victoria
1065 3522 1131 3564 nou
1154 3496 1259 3567 solum

221 3616 370 3702 Athenae,
389 3614 445 3683 sed
468 3617 565 3682 etiam
584 3629 703 3682 cuncta
725 3616 868 3698 Graecia,
888 3640 960 3707 quae
979 3616 1038 3682 sub
1055 3615 1260 3687 Lacedaemo-

219 3737 352 3804 niorum
367 3733 473 3801 fuerat
486 3735 639 3826 imperio,
654 3733 791 3801 liberata
805 3749 862 3802 est.
877 3736 996 3802 Conon
1010 3759 1085 3803 cum
1099 3752 1192 3829 parte
1206 3763 1261 3807 na·

164 3861 168 3868 ’
185 3837 187 3842 ’
216 3857 311 3926 ¹nium
328 3854 363 3920 in
378 3853 517 3946 patriam
531 3854 636 3938 venit;
650 3877 762 3920 muros
777 3853 904 3920 dirutos
921 3879 941 3921 a
954 3853 1140 3946 Lysandro,
1154 3871 1261 3924 utros-

222 3999 285 4067 que
303 3987 336 4040 et
352 3972 466 4041 Piraeei
484 3985 517 4038 et
534 3971 753 4056 Athenarum,
771 3972 963 4041 reficiendos
980 3989 1087 4059 curat;
1102 3977 1261 4072 pecuniae-

224 4118 286 4186 que
303 4091 544 4186 quinquaginta
562 4087 700 4175 talenta‚
717 4115 789 4182 quae
808 4117 826 4160 a
846 4093 1060 4161 Pharnabazo
1078 4109 1259 4186 acceperat,

225 4213 351 4280 civibus
368 4213 435 4279 suis
452 4210 564 4278 donat.
