3168 5048
363 489 1387 535 mmwwmmmwwmwpwummwumuwm

823 783 920 852 XXI.

633 1105 726 1207 DE
766 1105 1108 1208 REGIBUS.

798 1489 956 1508 *ψ-

361 1732 439 1858 Ηι
458 1785 524 1854 fere
540 1785 674 1854 fuerunt
693 1786 824 1856 Graeciae
842 1787 946 1880 gentis
964 1785 1148 1880 ducessqui
1165 1791 1320 1860 memoria
1338 1792 1391 1860 di-

359 1906 416 2009 gni
434 1905 640 1992 videbantur,
654 1919 771 1998 praeter
784 1928 889 1989 nuens
904 1931 911 1972 :
927 1930 1068 1999 namque
1081 1931 1136 1975 eos
1153 1910 1312 2002 attingere
1329 1937 1393 1979 no-

359 2020 495 2110 luimus,
513 2022 603 2114 quod
622 2025 767 2090 omnium
786 2048 836 2091 res
858 2038 953 2116 gestae
973 2027 1145 2117 separatim
1167 2043 1244 2095 sunt
1267 2027 1388 2098 relatae.

359 2143 475 2233 Neque
499 2122 608 2208 tamen
633 2141 679 2208 hi.
692 2141 868 2209 admodum
893 2156 970 2208 sunt
991 2142 1096 2211 multi.
1122 2145 1389 2216 Lacedaemonius

359 2275 469 2329 autem
490 2258 673 2354 Agesilaus,
694 2262 838 2345 nomine,
860 2285 927 2328 non
950 2274 1109 2354 potestate
1129 2262 1192 2330 suit
1212 2289 1283 2352 rex,
1303 2267 1388 2334 sicut

360 2380 457 2448 ceteri
472 2380 633 2474 Spartani.
651 2383 701 2447 Ex
714 2379 765 2446 his
782 2402 875 2466 vero,
892 2380 948 2470 qui
965 2379 1167 2468 dominatum
1185 2382 1320 2476 imperio
1338 2398 1387 2452 te-

361 2512 520 2585 nuerunt,
535 2493 791 2598 excellentissimi
804 2496 952 2585 fuerunt,
969 2513 1008 2565 ut
1019 2522 1079 2565 nos
1092 2499 1292 2590 judicamus,
1310 2505 1389 2570 Per-

360 2641 470 2684 sarum
489 2619 610 2709 Cyrus,
628 2629 660 2683 et
678 2617 799 2684 Darius
817 2616 986 2708 Hystaspis
1007 2614 1092 2684 filius
1111 2642 1119 2684 τ
1138 2642 1280 2709 quorum
1298 2634 1388 2687 uter-

361 2759 424 2826 que
449 2735 596 2828 privatus
617 2735 737 2802 virtute
761 2758 898 2827 regnum
919 2747 967 2800 est
989 2733 1135 2828 adeptus.
1155 2737 1249 2803 Prior
1269 2737 1388 2806 horum

336 2855 339 2860 ’
361 2852 450 2944 apud
462 2855 661 2944 Massagetas
674 2853 708 2918 in
721 2850 836 2944 proelio
848 2850 977 2937 cecidit3
991 2854 1112 2921 Darius
1126 2869 1290 2923 senectute
1303 2855 1389 2923 diem

362 2971 445 3038 obiit
468 2991 665 3063 supremum.
692 2973 771 3037 Tres
796 2983 873 3037 sunt
897 2983 1052 3061 praeterea
1076 2970 1219 3062 ejusdem
1245 2975 1388 3064 generis,

361 3091 502 3174 Xerxes,
516 3102 549 3155 et
562 3087 628 3155 duo
640 3090 845 3175 Artaxerxes,
858 3087 1045 3155 Macrochir
1058 3103 1091 3156 et
1102 3092 1270 3158 Mnemon.
1285 3094 1389 3160 Xerxi

363 3206 501 3276 maxime
514 3221 562 3274 est
576 3203 714 3294 illustre,
729 3206 817 3298 quod
833 3207 980 3274 maximis
994 3221 1068 3298 post
1081 3207 1252 3279 hominum
1268 3235 1391 3281 memo·

363 3328 445 3395 riam
458 3326 651 3419 exercitibus
665 3341 751 3394 terra
767 3325 913 3415 marique
928 3322 1050 3392 bellum
1063 3326 1174 3394 intulit
1188 3330 1330 3397 Graeciae.
1345 3333 1389 3399 At

363 3446 549 3515 Macrochir
562 3447 759 3539 praecipuam
771 3444 870 3512 habet
883 3441 1012 3512 laudern
1026 3444 1227 3539 amplissimae
1239 3447 1390 3542 pulcher·

365 3565 516 3655 rimaeque
541 3564 686 3656 corporis
706 3561 833 3648 sormae,
855 3587 953 3654 quam
972 3562 1152 3631 incredibili
1173 3568 1302 3634 ornavit
1322 3569 1388 3635 vir·

288 3699 290 3711 ¹
365 3697 436 3749 tute
455 3680 531 3748 be'lli
550 3706 558 3748 ε
579 3705 719 3772 namque
737 3678 792 3748 illo
814 3683 925 3772 Perses
944 3705 1040 3748 nemo
1060 3680 1122 3747 fuit
1140 3701 1240 3751 manu
1262 3683 1387 3752 fortior.

365 3804 524 3871 Mnemon
537 3813 645 3866 autem
659 3799 791 3889 justitiae
807 3797 893 3864 fama
908 3798 1020 3866 floruit
1038 3823 1046 3865 :
1066 3823 1141 3868 nam
1158 3825 1260 3892 quum
1277 3803 1388 3870 matris

367 3943 433 3988 suae
446 3916 563 3986 scelere
580 3917 736 4000 emisisset
749 3939 901 4001 uxorem,
921 3929 1048 3983 tantum
1067 3915 1201 3988 indulsit
1214 3916 1333 4004 dolori,
1351 3933 1390 3985 ut

369 4059 443 4105 eum
461 4037 562 4129 pietas
582 4034 734 4102 vinceret.
756 4036 804 4100 Ex
822 4032 873 4100 his
893 4031 959 4099 duo
979 4031 1091 4130 eodem
1109 4035 1254 4121 nomine,
1274 4036 1390 4104 morbo
