3198 5174
379 464 415 532 48
631 469 803 528 column
821 469 981 528 abactis
999 465 1137 526 CORON.

420 599 462 668 V.
477 593 605 666 Accidit
616 593 709 680 huie,
720 594 808 688 quod
822 594 937 662 ceteris
949 566 1158 678 incrtalibus,
1171 605 1208 660 ut
1220 591 1400 661 inconside-

374 716 476 786 ratior
491 715 527 783 in
543 713 702 800 secunda,
714 737 813 808 quarn
825 715 860 782 in
877 712 1014 782 adversa
1030 727 1115 782 esset
1130 712 1274 782 fortuna.
1295 713 1401 800 Nam,

373 833 474 905 classe
489 831 805 926 Peloponnesiorum
818 831 959 919 devicta,
969 857 1074 926 quum
1090 829 1199 901 ultum
1213 857 1248 901 se
1262 832 1404 925 injurias

370 954 487 1048 patria
508 966 657 1046 putaret,
680 947 777 1045 plura
792 952 999 1045 concupivit,
1015 974 1115 1045 quam
1132 950 1260 1020 efficere
1281 953 1401 1045 potuit.

370 1074 487 1166 Neque
503 1086 614 1140 tamen
631 1095 670 1138 ea
683 1095 752 1139 non
767 1070 822 1163 pia
836 1085 868 1139 et
884 1069 1055 1164 probanda
1070 1069 1220 1158 bierunt,
1232 1069 1323 1164 quod
1338 1096 1399 1165 po-

370 1192 434 1260 tius
450 1191 565 1284 patriae
579 1214 658 1283 opes
669 1191 799 1284 augeri,
814 1213 913 1283 quam
928 1189 1034 1283 regis,
1048 1186 1176 1258 maluit.
1193 1193 1289 1261 Nam‘
1297 1215 1403 1283 quum

369 1333 525 1404 magnam
538 1310 768 1377 auctoritatem
782 1308 844 1376 sibi
861 1332 973 1402 pugna
986 1305 1043 1376 illa
1058 1306 1182 1395 navali,
1199 1333 1299 1402 quam
1311 1310 1403 1404 apud

367 1427 514 1498 Cnidum
529 1426 667 1514 fecerat,
678 1426 915 1512 constituisset,
925 1451 992 1496 non
1005 1408 1112 1495 solunt
1126 1426 1212 1495 inter
1227 1428 1400 1514 barbaros,

368 1546 426 1617 sed
442 1547 542 1616 etiam
558 1547 645 1615 inter
661 1567 776 1614 omnes
790 1545 926 1615 Groeoiae
940 1545 1090 1614 civitates
1101 1569 1111 1630 ;
1123 1543 1208 1614 clam
1225 1545 1305 1616 dare
1321 1569 1400 1641 ope·

367 1691 439 1736 ram
454 1667 570 1760 coepit,
586 1681 624 1735 ut
637 1666 766 1735 Ioniam
781 1679 814 1734 et
829 1664 970 1734 AEoliam
985 1666 1173 1733 restitueret
1185 1665 1400 1736 Atheniensi-

366 1786 439 1854 bus.
453 1785 493 1854 Id
507 1808 609 1877 quum
626 1785 737 1854 minus
753 1782 926 1877 diligenter
943 1796 1027 1852 esset
1044 1780 1201 1874 celatum,
1213 1785 1398 1874 Tiribazus,

367 1904 425 1998 qui
444 1903 601 1972 Sardibus
620 1917 779 1997 praeerat,
798 1905 969 1972 Cononem
989 1903 1158 1992 evocavit,
1179 1902 1337 1973 simulans
1356 1905 1399 1974 ad

366 2046 478 2117 regem
493 2045 569 2090 eum
585 2045 619 2090 se
635 2021 767 2090 mittere
782 2018 881 2104 velle,
894 2045 1015 2115 magna
1032 2019 1073 2089 de
1090 2045 1136 2090 re.
1155 2022 1261 2117 Hujus
1277 2026 1398 2094 nuntio

366 2165 486 2235 parens
504 2165 607 2234 quum
623 2141 781 2228 venisset,
797 2140 833 2207 in
850 2137 983 2209 vincula
998 2141 1168 2234 conjectus
1185 2155 1234 2210 cst
1251 2169 1260 2211 :
1278 2144 1312 2211 in
1329 2147 1400 2239 qui·

365 2260 428 2330 bus
449 2258 643 2354 aliquandiu
667 2258 741 2327 fnit.
759 2257 841 2326 Inde
865 2257 1018 2338 nonnulli
1042 2284 1118 2328 eum
1136 2260 1180 2329 ad
1204 2287 1315 2357 regem
1341 2264 1399 2333 ab·

366 2378 520 2467 ductum,
543 2379 655 2474 ibique
676 2378 827 2471 periisse,
850 2377 1009 2472 scriptum
1031 2375 1245 2472 reliquerunt.
1270 2385 1397 2452 Contra

366 2521 404 2566 ea
420 2499 533 2568 Dinon
549 2496 741 2582 historicus,
759 2498 812 2565 cui
825 2521 886 2566 nos
899 2499 1081 2592 plurimum
1093 2497 1134 2568 de
1150 2501 1286 2594 persicis
1298 2502 1397 2572 rebus

365 2617 544 2705 credimus,
558 2617 714 2713 effugisse
731 2615 860 2712 scripsit
877 2643 885 2685 :
904 2615 986 2686 illud
1002 2617 1194 2707 addubitat,
1214 2635 1328 2691 utrum
1345 2623 1397 2692 Ti·

364 2736 476 2805 ribazo
492 2736 630 2824 sciente,
649 2761 691 2805 an
711 2735 936 2830 imprudente,
956 2737 1003 2805 sic
1021 2736 1155 2808 factum.
