3168 5048
592 539 788 596 HANNIBAL.
1153 541 1206 597 123

222 669 264 735 V.
290 669 361 734 Hac
379 687 491 759 pugna
510 679 672 758 pugnata,
691 668 830 733 Romam
850 661 1032 757 profectus,
1052 663 1143 733 nullo
1162 691 1210 734 re·

175 787 323 871 sistente,
333 786 367 852 in
379 786 574 878 propinquis
585 785 676 858 urbis
686 782 855 851 montibus
866 797 1013 851 moratus
1026 798 1083 852 est.
1094 786 1208 872 Quum

174 901 301 995 aliquot
313 901 358 970 ibi
368 903 434 972 dies
451 917 555 972 castra
569 903 751 990 habuisset,
767 916 801 970 et
816 885 1033 970 reverteretur
1046 905 1208 996 Capuam;

176 1023 218 1110 Q.
237 1022 356 1090 Fabius
375 1003 712 1110 Maximus,dictator
732 1045 902 1108 romanus,
919 1022 953 1088 in
973 1046 1053 1114 agro
1071 1005 1223 1090 Falerno

177 1165 210 1210 sc
228 1142 257 1208 ei
278 1140 406 1233 objecit.
425 1142 503 1228 Hic,
520 1140 650 1210 clausus
666 1140 815 1210 locorum
828 1141 1002 1234 angustiis,
1021 1155 1122 1209 noctu
1141 1141 1210 1209 sine

176 1258 245 1328 ullo
256 1259 452 1328 detrimento
466 1261 625 1329 exercitus
637 1285 671 1329 se
684 1259 857 1355 expedivit.
871 1259 988 1345 Fabio,
1003 1257 1209 1329 callidissimo

176 1379 380 1474 imperatori,
404 1379 504 1447 verba
527 1379 615 1447 dedit
638 1404 645 1446 :
669 1403 826 1470 namque,
848 1377 990 1446 obducta
1011 1392 1121 1466 nocte,
1137 1402 1209 1462 sar·

174 1512 288 1566 menta
301 1499 336 1565 in
350 1499 505 1567 cornibus
513 1498 731 1591 juvencorum
746 1478 885 1592 deligata
901 1495 1058 1585 incendit,
1074 1496 1209 1590 ejusque

177 1617 304 1710 generis
323 1615 567 1686 multitudinem
587 1641 737 1711 magnam
760 1615 951 1710 dispalatam
972 1616 1117 1704 immisit;
1141 1639 1208 1708 quo
1325 1661 1327 1667 ·

176 1738 349 1830 repentino
367 1728 497 1830 objectu
511 1738 595 1825 viso,
611 1749 741 1804 tantum
755 1750 913 1803 terrorem
929 1735 1039 1827 injecit
1052 1735 1209 1803 exercitui

176 1857 417 1944 Romanorum,
429 1870 468 1925 ut
479 1854 589 1949 egredi
599 1871 692 1924 extra
699 1853 822 1925 vallum
833 1879 929 1922 nemo
941 1854 983 1922 sit
994 1879 1103 1922 ausus.
1114 1856 1209 1923 Hanc

177 1989 252 2067 post
262 1998 332 2042 rem
345 1989 468 2068 gestam
479 1999 547 2042 non
559 1975 605 2043 ita
615 1973 727 2042 multis
741 1973 869 2060 diebus,
880 1975 928 2041 M.
941 1973 1128 2041 Minucium
1138 1975 1209 2060 Ru-

176 2091 265 2180 sum,
284 2095 478 2186 magistrum
498 2085 666 2185 equitum,
691 2092 763 2188 pari
786 2116 825 2160 ac
845 2091 1036 2163 dictatorem
1055 2092 1207 2186 imperio,

177 2209 254 2278 dolo
275 2212 475 2305 productum
494 2213 528 2279 in
548 2209 716 2306 proelium,
737 2211 871 2305 fugavit.
887 2211 958 2281 Tib.
978 2210 1208 2304 Sempronium

177 2329 385 2417 Gracchum,
402 2331 522 2398 iterum
537 2328 721 2434 consulem,
738 2330 773 2397 in
790 2331 931 2398 Lucanis
946 2329 1062 2397 absens
1077 2330 1110 2397 in
1130 2329 1209 2396 insi-

178 2445 247 2514 dias
267 2446 439 2516 inductum
458 2448 599 2517 sustulit.
617 2451 666 2518 M.
685 2447 861 2519 Claudium
882 2446 1091 2536 Marcellum,
1112 2449 1209 2541 quin·
1313 2539 1318 2546 „

177 2567 270 2659 qnies
295 2567 480 2656 consulem,
504 2569 593 2664 apud
615 2567 795 2638 Venusiam
817 2569 889 2663 pari
909 2567 1008 2636 modo
1036 2567 1206 2636 interfecit.

88 2698 97 2723 ⁸
177 2670 329 2781 Longum
351 2703 400 2756 est
421 2711 613 2756 enumerare
634 2685 759 2782 proelia.
783 2673 895 2775 Quare
917 2685 980 2755 hoo
1005 2712 1110 2776 unum
1131 2687 1208 2756 satis

175 2807 238 2873 erit
256 2806 396 2896 dictum,
418 2832 458 2876 ex
477 2832 544 2900 quo
565 2806 703 2901 intelligi
723 2807 841 2902 possit,
861 2821 1004 2898 quantus
1024 2805 1078 2874 illc
1099 2805 1208 2874 fuerit.

176 2926 334 3012 Quandiu
348 2928 383 2994 in
399 2925 583 3021 Italiaxfuit,
598 2952 695 2995 nemo
711 2928 741 2994 ei
757 2927 791 2994 in
805 2927 874 2994 acie
890 2927 1022 3013 restitit,
1037 2949 1133 2995 nemo
1151 2924 1209 2994 ad-

174 3069 288 3114 versus
313 3061 485 3140 cumpost
508 3046 713 3116 Cannensem
738 3045 884 3140 pugnam
907 3047 942 3114 in
964 3071 1081 3141 campo
1103 3061 1208 3118 castra
1254 3057 1260 3065 “

94 3159 98 3166 ’
175 3166 295 3259 posuit.

221 3285 280 3352 VI.
306 3285 369 3353 Hic
385 3285 527 3353 invictus
542 3287 681 3379 patriam
696 3283 865 3354 defensum
882 3299 1068 3373 revocatus,
1086 3283 1209 3353 bellum
1255 3275 1259 3284 “

174 3405 274 3496 gessit
288 3404 443 3474 adversus
455 3409 490 3474 P.
509 3406 710 3499 Scipionem,
727 3403 832 3473 filium
848 3404 917 3497 ejus
926 3438 939 3491 ,·
947 3429 1045 3497 quem
1058 3405 1127 3498 ipse
1141 3405 1209 3500 pri·

172 3547 266 3589 mum
279 3523 369 3617 apud
381 3523 595 3614 Rhodanum,
611 3527 731 3593 iterum
745 3523 834 3619 apud
849 3509 990 3611 Padum,
1007 3524 1105 3592 tertio
1119 3523 1209 3616 apud

173 3641 326 3708 Trebiam
348 3635 527 3736 fugaverat.
552 3647 637 3713 Cum
654 3644 734 3731 hoc,
751 3643 915 3712 exhaustis
934 3642 1002 3735 jam
1025 3643 1137 3736 patriae
1160 3642 1211 3711 fa·

174 3759 368 3850 cultatibus,
390 3764 516 3857 cupivit
534 3764 568 3831 in
588 3765 834 3857 praesentiarum
854 3759 975 3831 bellum
996 3785 1207 3856 componere,
1309 3755 1311 3762 ’

174 3907 241 3973 quo
261 3881 422 3951 valentior
437 3883 832 3978 posteasscongrederetur.
850 3885 890 3950 In
911 3880 1112 3973 colloquium
1130 3905 1208 3949 con-

175 3988 276 4091 ieuit3
294 4004 497 4095 conditiones
511 4030 579 4073 non
596 4017 830 4072 convenerunt
846 4006 924 4079 Post
940 4001 974 4069 id
989 4001 1113 4069 factum
1126 4023 1208 4094 pau·

173 4123 219 4190 cis
242 4123 356 4193 diebus
380 4115 468 4220 apud
489 4129 620 4194 Zamam
641 4149 717 4192 cum
736 4123 852 4192 eodem
871 4120 1044 4191 conllixit:
1073 4118 1207 4217 pulsus,
1264 4189 1266 4193 ,
1339 4201 1342 4208 Ι
