3198 5174
200 685 1227 728 MWWMWWWMWWWMWWWWWW

278 1019 718 1150 (lennem
760 926 1163 1148 nnnons

552 1410 889 1498 PRAEFATIO

346 1767 407 1832 AD
428 1767 569 1834 TITUM
590 1765 869 1860 PQMPONIUM
889 1765 1098 1851 ATTICUM.

212 2480 313 2603 Non
346 2534 462 2600 dubito
489 2535 557 2601 fore
582 2533 773 2626 plerosque,
806 2535 932 2618 Attice,
963 2538 1019 2623 qui
1049 2534 1112 2598 hoc
1138 2555 1239 2623 genus

212 2678 398 2768 scripturn,
416 2673 504 2762 leve,
530 2690 563 2742 et
588 2700 654 2743 non
679 2677 755 2743 satis
774 2673 913 2767 dignum
930 2697 1135 2742 summorum
1154 2673 1241 2738 viro·
1316 2667 1317 2670 '

212 2842 286 2885 rum
304 2817 452 2909 personis
469 2816 633 2909 judicent,
652 2841 754 2909 quum
773 2817 915 2885 relatum
931 2816 1058 2908 legent,
1079 2819 1241 2906 quismu·

164 2999 166 3002 -
212 2964 312 3025 sicam
341 2957 492 3025 docuerit
516 2961 801 3051 Epaniinondam3
825 2962 939 3028 autin
969 2959 1039 3050 ejus
1062 2956 1241 3024 virtutibus

213 3104 478 3188 commemorari,
491 3083 623 3171 saltesse
640 3089 716 3171 eum
730 3103 917 3189 commode,
933 3105 1138 3193 scienterque
1153 3101 1242 3168 tibiis

188 3237 369 3311 ¹cantasse.
398 3243 462 3310 Sed
494 3245 530 3311 hi
556 3261 654 3312 erunt
683 3248 769 3332 fere,
796 3249 852 3338 qui
878 3260 1027 3338 expertes
1055 3245 1242 3312 litterarum

214 3409 408 3478 graecarum,
439 3385 522 3453 nihil
551 3401 693 3474 rectum,
722 3389 785 3455 nisi
810 3388 899 3480 quod
924 3390 1070 3481 ipsorum
1096 3390 1243 3455 moribus
1346 3460 1349 3464 ,

213 3529 403 3613 conveniat,
420 3527 594 3620 putabunt.
613 3530 672 3613 Hi,
691 3529 718 3596 si
737 3529 929 3616 didicerint,
951 3555 1019 3598 non
1039 3529 1154 3596 eadem
1169 3553 1243 3596 om-

214 3671 312 3738 nibus
328 3694 397 3738 esse
409 3671 545 3738 honesta
562 3685 660 3763 atque
674 3675 798 3764 turpia,
816 3671 873 3740 sed
889 3675 1003 3767 omnia¹
1013 3675 1175 3763 majorum
1193 3673 1243 3739 in·

215 3815 337 3881 stitutis
356 3812 515 3905 judicari,
531 3837 598 3882 non
624 3814 891 3901 admirabuntur,
920 3839 980 3882 nos
1006 3815 1040 3881 in
1063 3817 1243 3883 Graiorum

150 3963 156 3972 '
216 3923 392 4022 virtutibus
408 3953 609 4046 exponendis
619 3981 727 4024 mores
739 3981 855 4024 eorum
871 3971 1010 4024 secutos.
1027 3958 1145 4048 Neque
1155 3958 1243 4024 enim

215 4097 347 4164 Cimoni
365 4095 429 4163 fuit
444 4109 554 4187 turpe,
576 4097 825 4165 Atheniensium
842 4116 972 4166 summo
988 4100 1076 4179 viro,
1098 4119 1245 4164 sororem

220 4261 404 4330 germanam
433 4237 554 4304 habere
579 4237 613 4303 in
640 4242 871 4327 matrimonio;
896 4241 1019 4331 quippe
1042 4261 1146 4329 quum
1173 4213 1244 4329 ejus

1093 4403 1106 4448 1
