3198 5174
347 488 385 546 24
691 483 866 538 CORNELII
887 483 1042 540 NEPOTIS

348 631 424 676 narn
444 633 486 676 ne
506 608 605 702 hujus
624 607 758 700 quidem
782 609 905 677 indicio
929 606 1060 702 impulsi
1082 623 1178 695 sunt,
1203 622 1239 674 ut
1265 609 1380 676 Pausa·

348 727 438 794 niam
463 727 782 821 comprehenderent
795 751 805 813 3
820 751 926 820 neque
949 729 1041 820 prius
1066 728 1132 794 vim
1160 725 1380 796 adhibendam

351 862 564 940 putaverunt,
580 871 680 940 quam
697 872 732 915 se
750 848 820 940 ipse
837 846 1022 916 indicasset.
1039 850 1155 940 Itaque
1170 846 1250 915 huic
1266 846 1381 930 indici,

348 964 429 1058 quid
445 965 515 1034 fieri
532 965 673 1054 vellent,
691 980 929 1060 praeceperunt.
949 970 1077 1035 Fanum
1091 967 1240 1059 Neptuni
1251 980 1300 1034 est
1313 969 1382 1034 Tae·

348 1085 437 1173 nari,
452 1085 542 1178 quod
557 1084 676 1154 violari
692 1085 783 1154 nefas
795 1099 916 1180 putant
929 1087 1049 1155 Graeci.
1065 1089 1114 1154 Eo
1124 1083 1179 1153 ille
1192 1084 1290 1154 index
1306 1111 1382 1154 con·

347 1199 432 1298 fugit
448 1229 456 1272 :
471 1207 505 1274 in
526 1230 585 1274 ara
604 1203 763 1274 consedit.
787 1207 881 1274 Hanc
900 1205 995 1298 juxta
1016 1202 1129 1274 locum
1151 1204 1300 1274 lecerunt
1320 1205 1380 1273 sub

348 1339 453 1410 terra,
472 1349 510 1392 ex
527 1349 595 1418 quo
608 1339 717 1418 posset
736 1325 862 1414 audiri,
875 1325 902 1392 si
918 1325 993 1418 quis
1004 1323 1085 1418 quid
1101 1322 1292 1418 loqueretur
1305 1348 1382 1392 cum

355 1441 494 1536 Argili03
517 1441 584 1512 huc
611 1469 651 1514 ex
673 1444 807 1538 ephoris
828 1442 963 1538 quidam
990 1442 1241 1512 descenderunt.
1262 1446 1380 1512 Pausa·

349 1563 437 1647 nias,
456 1575 496 1629 ut
516 1563 657 1649 audivit,
679 1562 846 1658 Argilium
867 1563 1054 1657 confugisse
1075 1563 1109 1631 in
1129 1587 1235 1647 aram,
1252 1573 1384 1656 pertur-

349 1682 448 1748 batus
460 1705 500 1750 eo
511 1683 602 1751 venit
615 1708 622 1750 :
633 1707 732 1776 quem
745 1706 849 1776 quum
863 1680 1046 1777 supplicem
1060 1683 1124 1750 Dei
1140 1681 1267 1750 videret
1278 1681 1314 1749 in
1327 1705 1384 1750 ara

344 1799 535 1889 sedentem,
548 1804 679 1895 quaerit,
694 1828 800 1872 causae
812 1802 893 1896 quid
905 1803 946 1871 sit
960 1816 1029 1870 tam
1040 1803 1212 1896 repentino
1225 1801 1380 1870 consilio:

351 1921 429 1988 huic
448 1919 519 2008 ille,
536 1922 617 2014 quid
633 1948 673 1991 ex
691 1922 809 1992 litteris
825 1923 1053 2016 comperisset,
1069 1923 1185 2015 aperit.
1198 1925 1306 1990 Tanto
1316 1945 1382 1988 rna-

351 2040 401 2133 gis
417 2041 596 2110 Pausanias
613 2043 823 2136 perturbatus
838 2066 934 2110 orare
949 2044 1066 2135 coepit,
1083 2039 1163 2111 ‹iNe
1182 2042 1384 2125 enuntiaret,

352 2184 414 2228 nec
431 2185 478 2248 se,
496 2162 710 2230 meritum-de
727 2161 786 2230 illo
806 2163 946 2256 optime,
962 2162 1128 2256 proderet.
1145 2161 1248 2252 Quod
1267 2163 1296 2229 si
1312 2184 1383 2230 eam

352 2281 482 2349 veniam
496 2282 558 2350 sibi
577 2282 735 2371 dedisset,
756 2283 921 2375 tantisque
942 2280 1142 2376 implicitum
1162 2281 1261 2349 rebus
1277 2281 1386 2350 suble·

352 2416 472 2488 vasset,
489 2427 611 2498 magno
625 2427 694 2472 esse
710 2403 741 2470 ei
755 2404 891 2496 praemio
906 2402 1097 2471 futurum.»

398 2526 439 2593 V.
464 2525 524 2592 His
546 2525 651 2592 rebus·
670 2521 787 2618 ephori
810 2524 965 2618 cognitis,
983 2525 1088 2598 ,satius
1112 2534 1334 2616 putaverunt,
1349 2525 1383 2591 in

309 2674 311 2680 ·
353 2643 434 2710 urbe
450 2666 526 2709 eum
548 2643 795 2735 comprehendi.
820 2644 899 2729 Quo
923 2667 1028 2736 quum
1050 2657 1159 2712 essent
1178 2642 1381 2736 profecti,et

352 2762 546 2846 Pausanias,
564 2759 693 2855 placato
711 2761 854 2856 Argilio,
879 2777 916 2830 ut
938 2763 1092 2856 putabat,
1116 2763 1386 2832 Lacedaemonem

354 2894 594 2966 reverteretur;
610 2882 644 2949 in
661 2883 793 2983 itinere,
809 2906 913 2976 quum
928 2884 998 2976 jam
1017 2884 1051 2950 in
1069 2907 1108 2950 eo
1125 2897 1228 2970 esset,
1247 2897 1286 2950 ut
1298 2907 1388 2951 com·

248 3011 250 3016 ’
355 2998 635 3095 prehenderetur,
653 3027 672 3070 e
689 3000 787 3102 'vultu
808 3001 978 3096 cujusdam
1000 3003 1132 3094 ephori,
1157 3003 1214 3094 qui
1235 3027 1312 3071 eum
1330 3002 1388 3070 ad-

354 3146 490 3190 monere
508 3123 679 3217 cupiebat,
688 3122 824 3190 insidias
836 3122 899 3190 sibi
913 3121 984 3190 fieri
997 3120 1168 3191 intellexit.
1180 3125 1297 3216 Itaque
1310 3147 1406 3217 pau·¹

354 3244 400 3311 cis
416 3257 492 3311 ante
512 3242 684 3338 gradibus,
699 3243 799 3338 quain
819 3244 877 3336 qui
895 3243 1128 3336 sequebantur,
1151 3245 1185 3311 in
1202 3243 1305 3312 aedem
1326 3245 1387 3312 Mi·
1507 3281 1509 3290 v

356 3387 477 3450 nervae,
487 3389 561 3457 quae
575 3362 779 3432 Chalcioecos
797 3357 950 3448 uocatur,
968 3363 1128 3458 contingit.
1142 3363 1229 3432 Hinc
1243 3389 1286 3432 ne
1300 3364 1388 3432 exire

356 3465 483 3576 posset,
497 3485 608 3552 statim
624 3484 741 3578 ephori
756 3470 867 3553 ¹valvas
883 3484 954 3576 ejus
966 3483 1043 3552 aedis
1058 3484 1308 3569 obstruxerunt,
1324 3498 1385 3551 tec·

357 3617 495 3693 tumque
519 3618 596 3672 sunt
620 3602 784 3689 demoliti,
802 3628 869 3696 quo
896 3603 1023 3673 facilius
1046 3604 1106 3671 sub
1129 3603 1207 3671 divo
1229 3592 1387 3671 interiret.

356 3723 504 3807 Dicitur,
524 3747 564 3790 eo
583 3737 733 3816 tempore
757 3738 896 3791 matrem
916 3725 1086 3792 Pausaniae
1102 3725 1235 3812 vixisse,
1252 3747 1387 3816 eamque

356 3845 424 3936 jam
444 3867 566 3934 magno
587 3857 682 3928 natu,
698 3858 873 3934 postquam
890 3841 931 3910 de
950 3841 1070 3911 scelere
1085 3842 1144 3911 lilii
1164 3844 1340 3937 comperit,
1356 3845 1387 3909 in

359 3963 485 4054 primis,
499 3960 541 4030 ad
551 3957 657 4028 filiurn
667 3959 903 4072 claudendpm‚
917 3960 1060 4055 lapidem
1074 3962 1115 4030 ad
1129 3963 1301 4031 introitum
1313 3962 1387 4030 aedis

360 4079 516 4150 attulisse.
527 4081 580 4150 sie
589 4081 768 4149 Pausanias
779 4106 931 4175 magnam
940 4081 1018 4149 belli
1029 4081 1167 4174 gloriam
1180 4083 1268 4176 turpi
1284 4098 1384 4150 morte
