3114 5032
796 443 921 500 Nota
1002 507 1006 512 ,

674 711 711 756 ttt
736 711 891 760 DATMIS
916 713 1034 760 VITAM.

382 916 454 979 Car„
459 915 498 968 11.
513 913 747 988 Autophrodates.
762 913 859 988 Lydia
871 926 1007 990 satrapes,
1020 915 1070 989 qui
1085 925 1114 972 et
1124 913 1185 991 ipse
1196 935 1213 972 a
1225 934 1292 990 rege
1305 936 1386 992 pos-

342 1023 388 1067 tea
400 1006 510 1062 defecit.
528 1005 756 1082 Autophrodates
765 1025 870 1066 nomen
886 1026 964 1063 mere
982 1018 1166 1081 estgraecum,
1180 1020 1207 1064 et
1220 1009 1258 1064 ab
1275 999 1385 1078 aava,

342 1099 417 1174 ipse,
430 1089 665 1172 opaPivadico,
683 1100 728 1154 rel
750 1093 887 1172 apsida,
906 1098 1019 1168 indico,
1034 1099 1133 1158 oritur.

360 1192 441 1252 ,Εω
462 1190 511 1264 qui
530 1187 698 1260 desecemnt.
721 1191 822 1265 Lycios
838 1189 957 1259 scilicet,
975 1190 1096 1260 Pisidas,
1114 1190 1308 1268 Pamphylios,
1327 1193 1383 1248 Ci-

342 1282 422 1351 lices,
449 1282 559 1357 Syrios,
580 1281 738 1352 Phoenices,
763 1301 796 1338 ac
820 1282 878 1339 fere
898 1300 996 1338 omnes
1025 1282 1130 1348 asiatici
1151 1284 1237 1338 man's
1257 1286 1383 1342 accolas.

348 1373 418 1429 Vale
433 1376 540 1442 Diam,
557 1391 604 1428 xv.
623 1391 670 1446 90.

382 1467 445 1522 Car.
463 1466 517 1521 111.
545 1465 659 1538 Opa'ma
679 1475 762 1519 veste.
780 1456 920 1519 Nimirum
941 1482 1066 1537 purpura
1087 1482 1214 1538 auroque
1231 1465 1385 1538 distincta,

343 1555 616 1630 quaprovinciarum
624 1564 747 1610 rectores
754 1553 798 1609 uti
806 1554 943 1610 solebant.
953 1555 1036 1610 Unde
1043 1543 1192 1628 purpurati
1199 1555 1384 1616 dicebantur.

385 1645 548 1702 Tithrauste.
555 1646 669 1702 Prohoo
678 1645 848 1718 Iphicratem
856 1655 971 1700 narrant
978 1647 1382 1716 Plutarchus,iaArtacence,

342 1757 366 1794 c.
381 1753 465 1807 xx1v,
482 1749 509 1794 et
525 1736 682 1804 Diodorus,
697 1755 754 1805 xv,
772 1744 818 1803 [μ.

313 1846 315 1851 ·
381 1831 445 1885 Car.
458 1827 506 1885 IV.
525 1829 590 1884 Etsi
604 1833 687 1904 longe
702 1829 807 1884 aberat
825 1831 934 1902 Nempe
955 1831 1093 1886 exercitus
1115 1830 1248 1888 adversus
1269 1835 1384 1909 AE'gy'p-

342 1924 397 1978 tios
410 1921 628 1978 contrahebantr
641 1926 708 1990 Ace,
719 1940 773 1976 seu
789 1921 962 1976 Ptolemaide
976 1924 1007 1976 in
1020 1922 1166 1992 Phoenice,
1182 1924 1260 1980 unde
1275 1938 1384 1998 postea

342 2013 466 2070 incursio
484 2013 557 2069 facta
574 2014 661 2069 estin
679 2015 839 2087 AEgyptum,
862 2013 932 2068 Vide
947 2015 1053 2082 D1on„
1069 2033 1122 2084 xv,
1141 2025 1186 2082 41.

381 2107 445 2162 Car.
455 2105 488 2164 V.
507 2110 593 2161 Acca.
608 2104 755 2160 Phoenicia
768 2103 877 2172 civitas,
891 2123 953 2177 quae
966 2116 1064 2178 postea
1078 2107 1228 2164 Ptolemais
1242 2109 1326 2164 dicta·⁸

381 2197 646 2254 Cm.V11.Portoe.
668 2198 763 2252 Graece
783 2189 898 2265 atta«,
911 2185 1054 2270 angustia
1074 2199 1196 2268 viarum,
1216 2201 1383 2258 arctissimae

342 2291 450 2358 fauces,
467 2308 518 2363 per
536 2308 622 2362 quas,
636 2299 771 2361 tanquam
790 2306 848 2368 per
858 2299 968 2362 portas,
985 2290 1015 2346 in
1033 2291 1116 2346 latius
1133 2292 1254 2365 spatium
1273 2295 1379 2352 exitur.

342 2383 449 2462 Nempe
459 2381 556 2437 Cilicia
565 2383 660 2437 Tauro
676 2391 703 2436 et
712 2383 820 2438 Amano
832 2381 979 2438 montibus
991 2399 1015 2436 a‘
1030 2383 1210 2457 Cappadocia
1224 2385 1381 2442 dirimitur.

381 2473 532 2530 cmvlll.
552 2471 705 2527 Cardacas.
727 2471 820 2527 Hasce
838 2471 908 2528 Asiae
920 2473 1038 2529 minoris
1054 2476 1177 2548 populos
1189 2475 1306 2532 tradunt
1319 2481 1380 2534 Po-

342 2563 434 2639 lybius
446 2563 616 2620 etAElianus.
631 2563 767 2619 Cardacas
785 2573 879 2619 autem
893 2565 1010 2635 Strabo,
1027 2583 1079 2635 xv,
1097 2565 1181 2622 titisse
1196 2568 1282 2623 tradit
1299 2571 1379 2642 apud

232 2659 237 2666 '
341 2661 437 2714 Persas
454 2656 575 2712 militum
588 2673 692 2730 gemas,
705 2655 755 2729 qui
768 2674 804 2711 ex
810 2657 898 2730 raptis
910 2657 1041 2714 vixerint.
1053 2660 1165 2714 Nomen
1174 2657 1279 2715 ducunt
1291 2660 1379 2735 igitur

342 2764 458 2823 agraeco
474 2742 593 2821 napata,
608 2749 717 2818 lucror,
731 2743 973 2821 ne‘pPoe,lucrum,
988 2747 1097 2821 sechi,
1115 2752 1228 2825 vulpes,
1241 2748 1378 2825 aepactas,

343 2842 486 2916 vulpinus,
502 2851 688 2914 quaestuosus,
704 2840 790 2914 epith.
804 2841 950 2911 Mercurii,
960 2841 1009 2916 qui
1024 2843 1107 2899 lucris
1125 2853 1154 2898 et
1168 2844 1248 2900 fartis
1266 2859 1376 2919 praeest.

388 2931 637 3002 Triasamlitomaa
657 2932 762 3004 Supple
773 2931 873 2988 millia.

382 3025 445 3079 cia.
468 3025 506 3078 X.
529 3024 641 3076 Dextra
665 3023 793 3079 dedisset.
820 3026 884 3080 Mos
910 3025 987 3080 enim
1011 3037 1071 3082 erat
1096 3027 1173 3101 apud
1195 3031 1306 3100 Persas,
1334 3043 1378 3102 ut,

344 3131 540 3189 quemcunque
560 3129 611 3168 rex
628 3111 659 3167 in
675 3110 762 3170 fidem
778 3115 928 3189 reciperet,
944 3117 998 3190 ipsi
1013 3116 1140 3174 dextram
1162 3116 1254 3191 daret,
1272 3132 1306 3177 ut
1324 3141 1376 3178 su-

342 3225 411 3281 pra,
428 3205 459 3261 iu
481 3205 685 3275 Themistocle,
702 3206 833 3280 illudque
851 3208 930 3263 omni
951 3221 1125 3266 sacramento
1146 3214 1268 3269 sanctius
1286 3215 1377 3272 ducc-

343 3300 435 3355 butur,
453 3299 593 3354 Causam.
610 3300 651 3353 lta
666 3297 758 3354 adhuc
776 3300 851 3372 apud
866 3299 984 3356 rusticos
1000 3313 1120 3359 nostros.

382 3392 447 3446 Cur.
461 3390 514 3444 xl.
531 3389 725 3444 Semtarenmr.
741 3391 856 3444 Nullum
871 3392 1043 3466 colloquium
1057 3413 1181 3470 unquam
1196 3399 1376 3456 commissum

342 3483 403 3539 sine
423 3479 594 3538 scrutatione
616 3495 666 3537 seu
686 3481 863 3551 excussione,
885 3484 1038 3558 antiquitus
1062 3487 1129 3557 fuit,
1147 3503 1184 3544 ne
1210 3491 1273 3566 quis
1290 3491 1376 3548 sicam

342 3573 455 3629 aliudve
463 3571 549 3628 telum
562 3572 673 3627 occulto
685 3573 750 3628 loco
759 3572 886 3628 abditum
895 3575 1052 3652 stringeret.
1065 3579 1205 3636 Scrutatio
1219 3592 1312 3637 autem
1324 3582 1374 3638 istu

342 3663 429 3720 fiebat
445 3682 497 3737 per
513 3662 636 3717 delectos
652 3663 799 3736 utriusque
815 3665 910 3738 partis.
925 3667 975 3722 Isti
993 3667 1087 3725 officio
1100 3670 1254 3728 destinatos
1267 3669 1374 3748 Poty'ae-

342 3775 396 3812 nas
413 3765 496 3811 vocat
514 3747 663 3832 ἀγγέλους
681 3752 839 3833 (angelos),
855 3758 906 3830 qui
924 3777 984 3815 non
1001 3763 1094 3817 solum
1113 3774 1201 3820 vestes
1218 3776 1373 3840 pertracta-

342 3850 426 3918 bant,
443 3845 494 3902 sed
505 3847 618 3920 penitus
629 3847 828 3926 detrahebant„
837 3851 987 3906 onnam.

381 3940 424 3994 De
441 3938 566 3995 Datamis
582 3938 666 3994 rebus
684 3938 812 4011 quaedam
829 3940 895 3996 vide
912 3941 988 4015 apud
1006 3941 1182 4017 Diodorum,
1200 3947 1375 4024 Polyaenum,

343 4029 522 4099 Frontinum,
532 4039 560 4085 et
572 4029 646 4086 inter
660 4030 843 4101 recentiores,
856 4031 959 4089 Rollin.
