3168 5048
636 465 833 520 HANNIBAL.
1180 494 1233 551 ¹²9

200 621 234 664 se
252 595 338 689 peti,
356 616 463 684 neque
480 591 540 658 sibi
556 591 681 658 diutius
696 592 796 658 vitam
812 615 881 658 esse
897 591 1113 659 retinendam.
1130 594 1240 681 Quam

198 741 241 785 ne
259 712 367 782 alieno
386 712 523 783 arbitrio
542 711 738 798 dimitteret,
757 737 883 779 memor
901 713 1114 807 pristinarum
1137 715 1242 782 virtu·

88 873 90 878 ·
151 863 152 866 ¹
199 850 290 921 tum,
308 855 488 919 venenum,
502 831 593 924 quod
607 857 736 925 semper
753 855 862 900 secum
877 833 998 925 habere
1012 850 1242 920 consueverat,

200 955 350 1048 sumpsit.
384 928 388 940 ⁸
1248 949 1251 958 '

144 1159 145 1162 Ἴ
247 1077 340 1142 ΧΙΠ.
367 1073 421 1141 Sic
439 1075 489 1142 vir
507 1073 720 1161 fortissimus,
736 1074 848 1142 multis
865 1075 1031 1167 variisque
1049 1074 1242 1168 perfunctus

199 1192 387 1280 laboribus,
407 1217 495 1260 anno
515 1194 679 1287 acquievit
704 1195 954 1288 septuagesimo.
976 1196 1107 1283 Quibus
1126 1219 1243 1263 consu·

99 1381 100 1384 ,
201 1314 287 1383 libus
306 1315 487 1402 interierit,
506 1339 573 1381 non
593 1315 774 1382 convenit:
795 1339 937 1407 namque
957 1317 1105 1402 Atticus,
1127 1319 1244 1385 Marco

200 1433 341 1504 Claudio
357 1427 533 1522 Marcelle,
552 1433 594 1522 Q.
614 1435 715 1502 Fabio
733 1435 893 1524 Labeone
905 1460 1003 1520 coss,
1021 1451 1192 1504 mortuum
1210 1438 1242 1503 in

202 1552 312 1622 annali
325 1579 385 1622 suo
398 1554 557 1646 scriptum
569 1552 716 1646 reliquit3
726 1569 760 1621 at
772 1553 938 1646 Polybius,
948 1557 986 1621 L.
1000 1554 1131 1623 AEmilio
1140 1555 1244 1624 Paulo

202 1691 235 1744 et
246 1679 306 1745 Cn.
322 1675 433 1742 Baebio
446 1673 636 1768 Tamphilo;
649 1673 820 1768 Sulpicius.
826 1689 951 1760 autem,
966 1677 1002 1741 P.
1017 1672 1171 1743 Cornelio
1184 1679 1245 1744 Ce-

202 1798 318 1890 thego,
341 1797 390 1864 M.
410 1794 520 1862 Baebio
542 1792 728 1887 Tamphilo.
752 1798 861 1887 Atque
884 1795 938 1862 hic
955 1809 1067 1862 tantus
1086 1796 1152 1880 vir,
1171 1809 1245 1862 tan-

203 1918 311 2007 tisque
321 1912 414 1982 bellis
429 1896 616 1999 districtus,
636 1913 787 1982 nonnihil
802 1915 958 2007 temporis
973 1915 1089 1981 tribuit
1104 1913 1220 1982 litteris
1236 1941 1243 1982 :

206 2059 346 2127 namque
360 2031 487 2126 aliquot
504 2033 574 2125 ejus
592 2031 667 2100 libri
682 2048 779 2120 sunt,
798 2058 904 2128 graeeo
922 2057 1072 2101 sermone
1087 2035 1244 2123 confecti3

206 2157 240 2224 in
256 2154 307 2220 his
326 2153 367 2220 ad
381 2151 529 2221 Rhodios
548 2151 588 2219 de
606 2156 667 2221 Cn.
688 2150 804 2220 Manlii
816 2150 979 2220 'Volsonis
998 2154 1032 2222 in
1050 2155 1126 2222 Asia
1143 2156 1262 2222 'rebus'

205 2274 314 2367 gestis.
329 2271 437 2362 Hujus
450 2269 536 2339 bella
550 2286 640 2364 gesta
651 2269 748 2339 multi
761 2273 925 2339 memoriae
936 2271 1154 2366 prodiderunt
1167 2298 1174 2338 :
1189 2273 1245 2340 sed

206 2417 245 2459 ex
257 2393 308 2459 his
322 2390 405 2478 due,
420 2391 477 2483 qui
491 2372 568 2458 eum
581 2415 620 2458 eo
635 2392 668 2459 in
682 2392 797 2458 castris
810 2391 960 2478 suerunt,
976 2389 1139 2482 simulque
1158 2393 1246 2460 vixe-
1330 2448 1334 2454 .

206 2527 305 2612 runt,
319 2497 477 2604 qtiamdiu
492 2511 627 2580 fortuna
639 2536 735 2607 passa
748 2526 814 2597 est,
834 2509 979 2600 Silenus,
994 2527 1026 2580 et
1045 2511 1170 2580 Sosilus
1184 2518 1246 2582 La-

206 2633 434 2702 cedaemonius.
451 2636 559 2724 Atque
577 2633 641 2701 hoc
658 2631 764 2701 Sosilo
778 2631 941 2702 Hannibal
956 2633 1140 2702 litterarum
1163 2660 1246 2729 grae-
1265 2719 1267 2722 Ι

206 2779 320 2824 carum
338 2780 419 2824 usus
437 2769 487 2822 est
506 2754 650 2822 doctore.
671 2753 735 2823 Sed
753 2779 814 2854 nos
834 2769 963 2847 tempus
982 2770 1031 2822 est
1048 2755 1149 2847 hujus
1170 2755 1246 2824 libri

207 2873 312 2942 faeere
331 2874 444 2961 finem,
461 2889 493 2942 et
511 2877 738 2942 Romanorum
756 2873 918 2967 explicare
937 2875 1163 2968 imperatores3
1179 2902 1246 2968 quo

120 3034 123 3044 ·
207 2989 352 3081 facilius,
371 2991 498 3061 collatis
520 3008 738 3087 utrorumque
757 2994 868 3082 factis,
892 2994 949 3086 qui
973 2996 1034 3062 viri
1052 2995 1247 3089 praeferendi

208 3112 289 3201 sint,
310 3113 414 3207 possit
428 3113 579 3204 judicari.
1274 3094 1277 3099 ’
