3198 5174
40 4 1578 157 —

654 680 877 738 ancrnmnrs.
1242 669 1279 736 aa

248 825 316 880 tam
334 805 422 877 ferus
435 807 547 893 fuerit,
562 808 642 900 quin
657 810 726 901 ejus
737 832 848 876 casum
865 805 1069 900 lacrymavit,
1085 801 1273 871 inimicum-

246 950 310 1018 que
331 925 383 997 his
401 951 435 995 se
459 927 654 1014 ostenderit,
675 952 816 1021 quorum
832 951 932 1021 opera
947 925 1055 1018 patria
1072 921 1185 1016 pulsus
1202 919 1272 989 sue-

243 1057 297 1113 rat
312 1068 322 1112 :
337 1045 476 1137 proinde
492 1047 573 1114 acsi
589 1044 671 1115 alius
688 1045 844 1139 populus,
864 1068 932 1124 non
948 1042 1004 1112 ille
1024 1044 1094 1134 ipse
1119 1043 1177 1134 qui
1199 1054 1271 1109 tum

242 1160 355 1248 flebat,
366 1187 442 1233 eum
459 1162 619 1259 sacrilegii
630 1165 825 1233 damnasset.
834 1163 1000 1234 Restituta
1012 1185 1092 1256 ergo
1104 1161 1183 1229 huic
1194 1172 1272 1228 sunt

241 1279 372 1372 publice
380 1281 467 1351 bona
478 1307 487 1368 3
498 1283 663 1376 iidemque
679 1282 727 1353 illi
742 1280 947 1376 Eumolpidae
959 1279 1142 1350 sacerdotes
1157 1302 1271 1348 rursus

240 1422 407 1468 resacrare
419 1415 495 1474 sunt
509 1404 628 1488 eoacti,
639 1404 696 1495 qui
711 1427 785 1470 eum
796 1393 1016 1486 devoveraut3
1034 1398 1174 1492 pilaeque
1189 1396 1269 1484 illae,

239 1517 275 1584 in
291 1518 412 1611 quibus
426 1519 558 1589 devotio
574 1521 679 1591 fuerat
693 1521 829 1614 scripta,
846 1521 879 1587 in
897 1543 986 1588 utare
1002 1518 1221 1611 praecipitatae.

284 1637 361 1706 VII.
380 1643 458 1732 llaec
481 1639 642 1712 Alcibiadi
668 1638 779 1708 laetitia
802 1664 870 1708 non
895 1638 992 1708 nimis
1012 1636 1075 1705 fuit
1100 1635 1266 1730 diuturna.

239 1756 327 1826 Nam
352 1782 456 1850 quum
482 1759 512 1827 ei
536 1784 650 1828 omnes
676 1772 784 1827 essent
806 1758 948 1826 honores
971 1756 1109 1844 decreti,
1134 1767 1269 1847 totaque

237 1874 424 1968 respublica
439 1876 527 1946 domi
543 1871 686 1971 bellique
701 1867 838 1965 tradita,
857 1890 893 1944 ut
907 1877 1003 1945 unius
1020 1875 1157 1944 arbitrio
1174 1898 1267 1968 gerc-

239 2007 350 2080 retur3
367 2009 400 2063 et
416 1997 485 2090 ipse
499 1997 713 2089 postulasset,
729 2011 767 2064 nt
779 1996 846 2063 duo
856 1995 927 2063 sibi
944 1993 1265 2088 collegae-darentur,

237 2111 460 2206 Thrasybulus
494 2130 527 2183 et
549 2115 765 2206 Adimantus,
793 2139 898 2206 neque
922 2113 956 2182 id
981 2127 1137 2207 negatum
1163 2126 1264 2197 esset3
1382 2189 1385 2202 ι

236 2229 338 2300 classe
348 2235 416 2326 jam
432 2235 467 2300 in
482 2236 593 2304 Asiam
610 2234 791 2327 profectus,
805 2232 894 2326 quod
907 2232 995 2326 apud
1012 2234 1137 2326 Cymen
1154 2232 1264 2299 minus

235 2373 274 2416 ex
285 2353 448 2419 sententia
459 2377 528 2420 rem
540 2366 698 2447 gesserat,
708 2354 743 2421 in
756 2351 912 2420 invidiam
927 2350 1054 2438 recidit.
1064 2348 1157 2420 Nihil
1174 2353 1262 2421 enim
1303 2345 1305 2350 ¹

234 2493 311 2536 eum
325 2494 393 2537 non
413 2470 539 2539 efficere
555 2497 648 2565 posse
666 2471 839 2541 ducebant.
853 2476 902 2540 Ex
922 2497 988 2565 quo
1004 2470 1119 2557 fiebat,
1136 2486 1173 2539 ut
1192 2496 1264 2538 om-

234 2588 289 2655 nia
304 2589 414 2656 minus
429 2614 585 2684 prospere
607 2605 696 2686 gesta
718 2591 788 2683 ejus
811 2589 915 2683 culpae
936 2591 1139 2676 tribuerent3
1159 2614 1262 2682 quum
1331 2577 1333 2582 ¹

231 2731 307 2775 eum
328 2722 386 2776 aut
406 2709 624 2804 negligenter,
647 2724 703 2778 aut
723 2710 884 2779 malitiose
903 2710 1015 2780 fecisse
1036 2708 1259 2803 loquerentur.

230 2826 322 2894 Sicut
342 2842 414 2895 tum
436 2819 576 2897 accidit:
591 2855 683 2917 nam,
705 2844 897 2922 corruptum
914 2856 934 2898 a
952 2834 1043 2924 Rege
1057 2855 1174 2923 capere
1196 2832 1261 2923 Cy·

230 2969 306 3013 men
324 2945 483 3033 noluisse,
504 2950 695 3043 arguebant.
712 2953 828 3043 Itaque
847 2950 926 3017 huic
947 2951 1089 3018 maxime
1105 2964 1259 3044 putamus

229 3062 317 3132 malo
333 3064 431 3134 luisse
443 3068 582 3136 nimiam
599 3070 790 3161 opinionem
801 3071 924 3163 ingenii
937 3085 1036 3162 atque
1049 3071 1191 3138 virtutis.
1204 3073 1256 3139 Ti·
1339 3160 1345 3172 .

229 3183 379 3252 mebatur
405 3185 494 3254 enim
518 3212 593 3274 non
611 3190 734 3275 miuus,
757 3212 856 3282 quarn
884 3189 1105 3284 diligebatur:
1126 3215 1183 3278 nc,
1207 3216 1257 3260 se-

227 3301 335 3370 cunda
363 3301 509 3391 fortuna,
536 3308 727 3400 magnisque
757 3308 874 3400 opibus
903 3307 1026 3397 elatus,
1049 3309 1255 3404 tyrannidem
1300 3297 1303 3306 ¹

225 3422 481 3514 concupisceret.
500 3425 631 3512 Quibus
647 3428 745 3496 rebus
761 3428 967 3515 factumest,
988 3444 1026 3497 ut
1041 3429 1170 3498 absenti
1186 3446 1255 3498 rna-

224 3541 398 3634 gistratum
414 3531 624 3639 abrogarent,
645 3562 678 3615 et
695 3547 797 3618 alium
818 3551 852 3617 in
870 3552 939 3644 ejus
956 3550 1064 3618 locum
1079 3551 1254 3618 substitue·

224 3673 307 3729 rent.
324 3661 364 3730 Id
379 3661 434 3730 ille
450 3679 488 3731 ut
501 3665 640 3755 audivit,
653 3666 789 3736 domum
804 3672 925 3737 reverti
941 3668 1064 3755 noluit,
1078 3685 1112 3738 et
1127 3697 1161 3738 se
1175 3675 1254 3741 Pac-

224 3793 298 3871 tyen
316 3765 473 3869 contulit,
495 3784 605 3877 ibique
630 3788 692 3855 tria
709 3787 841 3856 castella
859 3792 1094 3878 communivit,
1109 3796 1252 3878 Rornos,

223 3899 419 3988 Bisanthen,
436 3902 653 4000 Neontichos3
670 3931 837 4000 manuque
852 3907 1003 3995 collecta,
1019 3915 1144 4004 primus
1159 3914 1251 3980 Grae-

221 4017 279 4087 ciae
296 4019 438 4087 civitatis
456 4021 490 4087 in
510 4022 683 4092 Thraciam
700 4027 843 4113 introiit,
860 4028 1032 4122 gloriosius
1045 4031 1250 4115 existimans,

219 4135 434 4213 barbarorum
449 4141 559 4233 praeda
575 4140 784 4236 locupletari,
798 4173 896 4240 qnam
915 4152 1103 4218 Graiorum.
1121 4127 1197 4237 Qua
1211 4175 1249 4220 ex

220 4279 255 4322 re
275 4274 421 4327 creverat
440 4286 544 4353 quum
563 4263 664 4349 fama,
683 4278 753 4332 tum
775 4267 911 4358 opibus,
932 4293 1150 4364 magnamque
1169 4276 1247 4341 ami·
