3168 5048
339 503 392 558 118
676 501 851 556 CORNELII
872 502 1025 558 NEPOTIS
1185 503 1189 532 ¹

335 640 468 720 negaret
488 654 504 689 α
523 649 555 693 se
574 622 695 691 bellum
717 625 990 717 compositurum,
1014 625 1075 692 nisi
1101 623 1153 691 ille
1180 649 1254 692 cum
1281 628 1361 714 suis,

336 748 392 838 qui
409 749 544 838 Erycem
562 756 749 828 tenuerant,
764 745 861 810 armis
879 741 1013 829 relictiS,
1032 741 1139 810 Sicilia
1157 742 1362 831 decedereut;

336 864 565 932 succumbente
583 861 705 956 patria,
727 863 810 955 ipse,
832 863 1013 954 periturum
1034 885 1067 928 se
1088 862 1212 954 potiuS,
1231 861 1361 950 dixerit,

335 1007 433 1074 quam
447 1007 522 1049 cum
539 994 631 1047 tanto
651 978 773 1072 llagitio
792 979 924 1047 domum
941 979 1063 1055 ‚rediret
1083 1004 1173 1046 :non
1192 980 1278 1046 enim
1297 1004 1363 1048 suae

334 1124 403 1168 esse
415 1099 562 1186 virtutis,
580 1120 685 1183 arma,
700 1122 719 1164 a
733 1098 839 1192 patria
856 1112 988 1190 accepta
1001 1097 1155 1165 adversus
1168 1097 1292 1184 hostes,
1310 1097 1364 1165 ad·

335 1219 484 1286 versariis
501 1216 669 1285 tradere.»
686 1216 792 1306 Hujus
806 1215 990 1308 pertinacia
1007 1216 1102 1282 cessit
1119 1214 1265 1284 Catulus.

379 1337 421 1402 II.
446 1339 491 1404 At
505 1333 574 1422 ille,
586 1349 624 1402 ut
637 1333 868 1427 Carthaginem
882 1334 986 1420 venit,
1000 1331 1104 1400 multo
1118 1331 1226 1421 aliter,
1240 1358 1278 1400 ac
1292 1357 1363 1426 spe·

333 1453 443 1539 rabat,
457 1450 690 1546 rempublicam
704 1477 738 1518 se
750 1451 923 1519 habentem
940 1452 1093 1544 cognovit
1110 1476 1118 1518 z
1137 1475 1276 1542 namque
1290 1452 1361 1520 diu·
1430 1438 1433 1444 ¹

334 1571 491 1638 turnitate
504 1570 628 1637 externi
646 1549 721 1637 mali
740 1584 868 1636 tantum
885 1572 1004 1636 exarsit
1021 1570 1211 1637 intestinum
1224 1567 1362 1656 bellum,

335 1704 373 1756 ut
386 1713 555 1781 nunquam
567 1689 639 1781 pari
652 1685 797 1780 periculo
810 1687 909 1755 fuerit
921 1687 1102 1780 Carthago,
1116 1687 1179 1754 nisi
1192 1711 1295 1779 quum
1309 1687 1364 1756 de-

334 1807 398 1876 leta
407 1820 466 1874 est.
482 1807 592 1875 Primo
609 1807 796 1872 mercenarii
814 1804 945 1892 milites,
959 1806 1016 1896 qui
1029 1804 1184 1872 adversus
1197 1809 1363 1875 Romanos
1439 1821 1448 1844 ⁸

334 1924 479 2011 fuerant,
497 1924 702 1992 desciverunt
719 1949 728 1992 z
745 1948 886 2016 quorum
903 1947 1058 1991 numerus
1072 1937 1142 1991 erat
1159 1923 1275 2016 viginti
1291 1923 1365 1992 mil-

334 2041 425 2110 lium.
449 2043 492 2109 Hi
512 2055 614 2110 totam
637 2040 863 2110 abalienarunt
886 2041 1044 2128 Africam,
1068 2041 1170 2135 ipsam
1193 2043 1364 2136 Carthagi·

334 2186 408 2230 nem
427 2175 671 2255 oppugnarunt.
687 2145 815 2248 Quibus
832 2159 1019 2228 malis-adeo
1038 2175 1115 2228 sunt
1132 2162 1224 2230 Poeni
1241 2177 1364 2254 perter-

333 2283 403 2369 riti,
421 2296 458 2348 ut
475 2283 571 2349 etiam
588 2279 707 2347 auxilia
725 2305 745 2347 a
761 2280 916 2348 Romanis
933 2281 1122 2373 petiverint,
1140 2305 1241 2372 eaque
1259 2282 1362 2375 impe-

333 2401 460 2468 trarint.
471 2398 540 2496 ,Sed
557 2413 717 2484 extremo,
735 2423 838 2490 quum
854 2422 956 2492 prope
967 2397 1035 2490 jam
1049 2398 1091 2465 ad
1105 2398 1361 2492 desperationem

333 2519 569 2613 pervenissent,
587 2514 802 2584 Hamilcarem
819 2517 1046 2610 imperatorem
1067 2516 1222 2584 fecerunt.
1241 2521 1273 2586 Is
1293 2542 1362 2586 non

333 2635 439 2728 solum
452 2637 560 2703 hostes
574 2659 593 2702 a
604 2634 706 2702 muris
720 2635 927 2728 Carthaginis
940 2637 1092 2724 removit,
1106 2661 1208 2728 quum
1221 2635 1362 2730 amplius

332 2770 464 2822 centum
477 2753 577 2822 millia
590 2753 674 2821 facta
689 2768 795 2821 essent
810 2769 1024 2842 armatorum
1043 2751 1205 2822 sedetiam
1222 2780 1261 2823 eo
1274 2780 1362 2823 eom·

332 2871 433 2967 pulit,
453 2887 504 2958 ut,
523 2870 670 2938 locorum
691 2871 848 2964 angustiis
869 2870 987 2960 clausi,
1010 2871 1119 2966 plures
1140 2872 1240 2957 fame,
1261 2898 1361 2966 quam

332 2989 434 3078 ferro,
449 2991 633 3076 interirent3
648 2991 757 3057 omnia
770 2989 890 3083 oppida
907 2989 1100 3078 abalienata,
1115 2993 1149 3060 in
1161 2992 1213 3060 his
1232 2994 1361 3074 Uticam

332 3122 430 3200 atque
444 3108 644 3201 Hipponem,
658 3106 876 3177 valentissima
888 3109 989 3178 totius
1002 3109 1133 3198 Africae,
1147 3112 1288 3178 restituit
1301 3137 1360 3205 pa·

332 3228 401 3294 triae
424 3251 431 3294 :
453 3251 558 3317 neque
578 3250 617 3294 eo
642 3225 704 3294 fuit
723 3241 914 3314 contentus,
936 3227 1107 3296 sedetiam
1131 3229 1211 3297 fines
1232 3208 1360 3323 imperii

331 3347 538 3439 propagavit,
551 3359 620 3413 tota
632 3343 742 3414 Africa
752 3360 881 3412 tautum
895 3347 997 3426 otium
1012 3346 1167 3435 reddidit,
1183 3362 1220 3415 ut
1232 3346 1359 3416 nullum

331 3465 365 3530 iu
379 3489 416 3530 ea
430 3462 551 3531 bellum
571 3462 735 3530 videretur
751 3461 862 3530 multis
876 3465 969 3532 anuis
987 3464 1094 3532 fuisse.

377 3583 437 3648 III.
462 3583 573 3650 Rebus
591 3582 641 3648 his
662 3607 700 3649 ex
721 3584 880 3650 sententia
897 3585 1051 3677 peractis,
1065 3583 1178 3652 fidenti
1192 3585 1301 3652 animo
1315 3600 1360 3650 at·
1382 3599 1384 3604 '

329 3727 392 3794 que
411 3671 528 3769 infesto
546 3703 716 3788 Romanis,
735 3727 802 3794 quo
820 3700 944 3771 facilius
963 3727 1093 3771 causam
1112 3701 1254 3771 bellandi
1272 3728 1360 3796 repe·

329 3820 422 3906 riret,
443 3819 566 3906 ellccit,
591 3834 629 3886 ut
651 3821 829 3913 imperator
848 3847 923 3888 cum
943 3823 1086 3890 exercitu
1112 3823 1145 3890 in
1169 3823 1358 3917 Hispaniam

328 3939 526 4024 mitteretur,
547 3963 651 4030 coque
673 3963 781 4006 secum
803 3939 897 4006 duxit
919 3939 1022 4008 filium
1045 3940 1279 4028 Hannibalem,
1301 3965 1359 4008 au-

328 4080 446 4122 uorum
461 4081 587 4125 novem.
603 4059 680 4124 Erat
695 4073 851 4150 praeterea
864 4083 939 4128 cum
956 4084 994 4126 eo
1008 4058 1193 4128 adolescens
1208 4058 1358 4160 illustris,
