3198 5174
382 477 419 532 30
713 473 887 530 CORNELII
909 473 1064 530 auroris

380 615 491 672 rerum
506 600 734 670 committeret.
753 603 879 666 Horum
897 599 930 666 in
947 623 1121 667 nnmerum
1137 623 1234 668 nemo
1251 601 1405 672 admitte-

379 722 492 808 batur,
502 720 564 788 nisi
579 720 635 811 qui
650 732 706 786 aut
716 718 786 811 ejus
798 717 941 810 hospitio
952 720 1189 808 contineretur,
1200 735 1257 789 aut
1273 747 1307 790 se
1317 722 1407 792 illius

380 840 449 910 sore
468 839 638 932 proprium
653 836 716 904 lide
730 834 949 904 confirmaret.
1206 925 1210 934 .
1226 843 1229 848 “

426 962 469 1028 Π.
487 962 538 1027 Ita
553 953 762 1025 decemvirali
778 967 938 1048 potestate
953 955 987 1022 in
1002 957 1155 1026 omnibus
1171 957 1307 1026 urbibus
1325 984 1406 1028 con-

380 1081 511 1165 stituta,
527 1079 628 1171 ipsius
644 1089 728 1143 nutu
742 1073 852 1142 omnia
869 1073 1077 1167 gerebantur.
1094 1074 1197 1167 Cujus
1210 1075 1251 1144 de
1262 1076 1404 1148 erudeli-

380 1213 445 1267 tate
461 1222 499 1266 ac
511 1195 648 1290 perfidia
666 1194 742 1262 satis
757 1205 805 1262 est
822 1217 920 1261 unam
938 1217 1023 1276 rem,
1034 1193 1174 1287 exempli
1190 1197 1310 1288 gratia,
1322 1221 1401 1289 pro-

378 1318 478 1401 lerre,
495 1339 551 1400 ne,
565 1314 606 1382 de
620 1310 734 1380 eodem
748 1309 844 1404 plura
859 1311 1098 1399 enumerand0,
1111 1311 1323 1407 defatigemus
1337 1313 1403 1384 lec-

379 1451 476 1504 tores.
494 1433 611 1501 Victor
638 1455 677 1498 ex
702 1432 787 1498 Asia
804 1453 906 1521 quum
934 1444 1170 1519 reverteretur,
1191 1433 1401 1526 Thasumque

379 1552 585 1636 devertisset;
609 1549 698 1642 quod
722 1573 759 1617 ea
785 1549 898 1616 civitas
918 1549 1081 1640 praecipua
1105 1548 1169 1618 fide
1192 1550 1298 1619 fuerat
1325 1577 1401 1646 erga

379 1671 610 1756 Athenienses,
626 1666 764 1762 proinde
777 1691 816 1735 ac
831 1668 857 1734 si
871 1665 969 1734 iidem
989 1665 1166 1734 firmissimi
1182 1666 1324 1737 solerent
1333 1694 1403 1740 esse
1461 1713 1469 1724 ·

379 1790 489 1876 amici,
512 1789 569 1881 qui
592 1799 777 1856 constantes
801 1785 939 1854 hiissent
963 1786 1104 1872 inimici,
1120 1809 1191 1854 eam
1216 1804 1403 1879 pervertere

379 1907 579 2000 concupivit.
595 1906 688 1975 Vidit
709 1917 834 1991 autem,
852 1906 915 1972 nisi
935 1906 969 1970 in
988 1929 1027 1972 eo
1043 1903 1238 1974 occultasset
1254 1906 1404 1976 volunta·

380 2041 462 2113 tem,
480 2026 649 2112 futurum,
677 2039 715 2092 ut
738 2025 849 2092 Thasii
868 2021 1108 2112 dilaberentur,
1129 2024 1403 2121 consulerentque

378 2146 475 2214 rebus
492 2145 568 2214 suis.
585 2149 700 2236 Itaque
702 2193 775 2212 .....

425 2268 485 2334 ΙΠ.
495 2260 756 2332 Decemviralem
772 2287 864 2331 suam
881 2275 1074 2355 potestatem
1089 2264 1139 2330 sui
1156 2264 1197 2331 ab
1213 2262 1270 2332 illo
1285 2268 1405 2334 consti-

377 2399 482 2454 tutam
506 2382 719 2454 sustulerunt.
749 2384 828 2470 Quo
850 2380 963 2450 dolore
987 2383 1152 2469 incensus,
1174 2385 1247 2452 iniit
1265 2384 1404 2453 consilia

376 2528 469 2599 reges
483 2502 809 2572 Lacedaemoniorum
828 2499 962 2587 tollere3
979 2501 1037 2569 sed
1053 2502 1212 2571 sentiebat
1233 2503 1267 2570 id
1283 2506 1402 2572 sosine

377 2649 440 2717 ope
452 2627 600 2694 Deorum
611 2622 718 2691 facere
733 2646 799 2689 non
817 2642 923 2713 posse,
940 2620 1029 2713 quod
1039 2620 1276 2689 Iacedaemonii
1293 2625 1404 2692 omnia

377 2741 420 2810 ad
435 2739 569 2810 oracula
588 2741 710 2809 referre
732 2753 978 2808 consueverant.
997 2739 1145 2807 Primum
1165 2738 1314 2833 Delphos
1330 2743 1404 2809 cor-

376 2884 530 2952 rumpere
541 2873 593 2928 est
609 2872 754 2926 conatus.
773 2855 939 2946 Quum-id
953 2882 1020 2925 non
1036 2859 1208 2951 potuisset,
1223 2859 1402 2928 ‘Dodonam

376 2978 510 3046 adortus
530 2993 589 3047 est.
606 2978 691 3045 Hinc
710 3000 841 3069 quoque
859 2976 1026 3068 repulsus,
1048 2976 1132 3045 dixit
1150 3002 1183 3045 se
1201 2993 1278 3046 vota
1298 3003 1404 3047 susce-

376 3097 480 3190 pisse,
497 3121 569 3188 quae
589 3097 662 3162 Jovi
681 3097 835 3168 Ammoni
859 3093 1017 3182 solveret,
1040 3096 1227 3164 existimans
1250 3122 1284 3165 se
1306 3096 1402 3168 Afros

375 3212 501 3283 facilius
524 3227 769 3306 corrupturum.
797 3217 866 3282 Hac
883 3238 939 3307 spe
965 3238 1067 3306 quum
1087 3215 1253 3307 profectus
1271 3219 1353 3285 esset
1367 3218 1402 3285 in

374 3331 534 3418 Africam,
550 3331 693 3401 multum
713 3357 789 3400 eum
805 3333 969 3401 antistites
987 3333 1077 3400 Jovis
1096 3329 1292 3403 fefellerunt.
1313 3338 1400 3407 Nam

376 3478 443 3522 non
466 3452 571 3522 solum
590 3453 757 3545 corrumpi
776 3477 843 3520 non
861 3466 1062 3545 potuerunt,
1082 3452 1256 3524 sedetiam
1276 3453 1401 3548 legatos

377 3571 611 3641 Lacedaemona
619 3572 792 3657 miserunt,
808 3571 865 3662 qui
880 3569 1084 3662 Lysandrum
1096 3588 1302 3662 accusarent,
1311 3575 1399 3668 quod

375 3689 557 3760 sacerdotes
575 3689 643 3762 fani
661 3713 872 3782 corrumpere
886 3702 1023 3760 conatus
1039 3705 1132 3764 esset.
1143 3694 1326 3762 Accusatus
1338 3693 1401 3761 hoc

374 3808 527 3896 crimine,
541 3807 755 3903 judicumque
775 3807 946 3878 absolutus
961 3810 1144 3898 sententiis,
1168 3812 1400 3882 Orchomeniis

376 3929 492 3998 missus
506 3928 668 4014 subsidio,
685 3931 812 3998 occisus
829 3945 878 3998 est
890 3953 909 3996 a
921 3928 1084 3998 Thebanis
1097 3929 1187 4023 apud
1202 3928 1399 4000 Haliartum.

375 4047 486 4136 Quam
503 4073 579 4117 vere
605 4048 645 4116 de
669 4072 707 4116 eo
731 4047 815 4116 foret
835 4046 1036 4141 judicatum,
1055 4052 1162 4118 oratio
1183 4049 1306 4118 indicio
1323 4048 1399 4138 luit,
