3198 5174
588 645 879 738 Tuumsuoctas.
1216 646 1250 702 15

219 776 355 844 summis
377 773 573 857 honoribus,
590 773 736 866 Athenas
754 763 844 842 missi
864 787 950 840 sunt.
969 774 1055 840 Cum
1079 773 1129 842 his
1154 771 1254 842 colle-

221 919 277 987 gas
296 917 370 962 suos
386 889 623 960 Themistocles
641 891 736 982 jussit
757 889 938 983 proficisci;
955 892 1066 987 eisque
1085 892 1252 985 praedixit,

162 1094 165 1097 ,
223 1026 314 1080 utne
331 1011 422 1104 prius
437 1008 763 1078 Lacedaemoniorum
781 1006 907 1103 legatos
916 1009 1139 1096 dimitterent,
1153 1035 1253 1103 quam

221 1132 289 1223 ipse
314 1142 398 1198 esset
421 1129 585 1196 remissus.
610 1132 679 1194 Hos
701 1141 877 1220 postquam
897 1128 1055 1196 Athenas·
1068 1129 1255 1221 pervenisse

219 1231 309 1318 ratus
323 1261 385 1334 est,
403 1247 445 1314 ad
454 1247 684 1346 magistratum
702 1259 917 1338 senatumque
931 1247 1255 1317 Lacedaemoniorum

224 1367 320 1456 adiit,
340 1381 373 1434 et
390 1365 479 1458 apud
494 1389 549 1433 eos
566 1364 733 1432 liberrime
750 1365 914 1458 professus
930 1380 998 1452 est,
1015 1366 1256 1463 «Athenienses

184 1567 189 1582 ἱ
221 1511 281 1556 suo
301 1484 454 1571 consilio,
466 1483 815 1577 quodcommunijure
827 1487 974 1579 gentium
993 1485 1099 1555 facere
1112 1503 1258 1579 possent,
1299 1530 1301 1532 -

221 1610 310 1677 Deos
329 1603 493 1698 publicos,
515 1628 657 1696 suosque
674 1606 800 1696 patrios
818 1607 857 1672 ac
873 1601 1022 1697 peltatas,
1043 1630 1109 1697 quo
1131 1604 1257 1675 facilius

224 1726 266 1794 ab
284 1726 378 1794 hoste
406 1740 540 1818 possent
563 1724 752 1811 defendere,
772 1725 876 1792 muris
901 1727 1054 1819 sepsisse3
1072 1751 1179 1820 neque
1203 1753 1257 1814 eo,

223 1846 313 1939 quod
333 1844 451 1914 inutile
468 1859 551 1912 esset
571 1843 721 1934 Graeciae,
747 1843 874 1931 fecisse;
892 1865 968 1913 nam
990 1845 1123 1915 illorum
1143 1848 1258 1916 urbem
1294 1858 1295 1862 ’

224 1981 261 2034 ut
278 1963 564 2059 propugnaculum
581 1963 766 2057 oppositam
789 1987 857 2030 esse
872 1964 1034 2052 barbaris,
1055 1966 1144 2059 apud
1160 1991 1259 2059 quam

222 2087 291 2179 jam
309 2086 359 2153 bis
374 2083 492 2152 classes
503 2084 611 2176 regias
628 2082 741 2150 fecisse
754 2082 974 2176 naufragium.
992 2084 1260 2154 Lacedaemonios

225 2219 334 2274 autem
354 2201 440 2272 male
459 2216 493 2271 et
510 2203 630 2294 injuste
642 2201 768 2287 facere,
789 2203 847 2294 qui
861 2201 895 2269 id
909 2205 1018 2296 potius
1035 2205 1259 2290 intuerentur,

224 2325 315 2420 quod
336 2325 483 2416 ipsorum
504 2322 737 2407 dominationi,
753 2347 852 2414 quam
877 2323 967 2414 quod
988 2325 1146 2392 universae
1169 2327 1261 2393 Grae-

186 2473 190 2480 ·
226 2445 284 2512 ciaa
304 2441 385 2510 utile
406 2455 498 2510 esset.
520 2443 648 2530 Quare,
667 2443 694 2509 si
715 2467 790 2510 suos
810 2441 933 2536 legatos
954 2444 1100 2535 recipere
1126 2443 1261 2534 vellent,

226 2589 309 2657 quos
325 2563 470 2631 Athenas
484 2561 661 2646 miserant,
682 2585 715 2629 se
729 2563 950 2647 remitterent,
970 2559 1066 2630 aliter
1084 2559 1157 2630 illos
1178 2587 1262 2630 nun-

226 2707 326 2776 quam
343 2683 378 2750 in
394 2681 533 2774 patriam
551 2681 755 2774 recepturi.»

274 2806 367 2871 VIII.
393 2805 518 2870 Tamen
532 2827 613 2869 nou
638 2801 754 2896 effugit
776 2802 897 2897 civium
925 2827 1059 2870 suorum
1084 2802 1262 2888 invidiam,

228 2944 370 3015 namque
385 2922 427 2990 ob
448 2922 599 2990 eumdem
625 2922 797 3008 timorem,
818 2947 885 3014 quo
908 2916 1082 2991 damnatus
1099 2937 1169 2992 erat
1187 2923 1264 2992 Mil·

229 3043 346 3130 tiades,
366 3056 523 3111 testarum
539 3041 703 3137 sulliagiis
719 3067 738 3110 e
752 3043 884 3110 civitate
901 3043 1036 3134 ejectus,
1049 3046 1154 3137 Argos
1171 3043 1265 3112 habi·

228 3176 335 3230 tatum
351 3164 521 3231 concessit.
539 3164 601 3230 Hic
617 3186 720 3255 quum
737 3176 874 3255 propter
893 3161 1013 3230 multas
1034 3163 1104 3255 ejus
1124 3165 1264 3233 virtutes

229 3306 350 3376 magua
365 3307 441 3350 cum
452 3281 614 3377 dignitate
622 3282 764 3369 viveret,
777 3281 1017 3349 Laeedaemonii
1027 3280 1151 3376 legatos
1163 3285 1265 3353 Athe-

238 3427 289 3472 aas
309 3402 490 3488 miserunt,
508 3402 566 3494 qui
591 3426 668 3469 eum
690 3401 857 3469 absentem
879 3416 1084 3486 accusarent,
1100 3401 1189 3494 quod
1214 3429 1265 3470 so·

230 3522 383 3590 cietatem
398 3545 475 3589 eum
492 3545 569 3614 rege
582 3524 756 3589 Persarum
771 3519 813 3587 ad
833 3520 996 3589 Graeciam
1011 3521 1263 3613 opprimendam

231 3640 369 3712 fecisset.
385 3645 456 3708 Hoc
474 3641 614 3708 crimine
629 3639 747 3708 absens
757 3639 953 3732 proditionis
966 3653 1013 3706 est
1031 3638 1215 3709 damnatus.
1226 3642 1266 3709 Id

231 3774 269 3827 ut
284 3758 421 3847 audivit,
439 3758 529 3851 quod
544 3782 612 3826 uon
628 3760 706 3826 satis
720 3772 829 3826 tutum
846 3782 881 3826 se
899 3758 996 3850 Argis
1016 3757 1168 3846 videbat,
1185 3764 1266 3831 Cor-

232 3903 346 3972 cyram
362 3876 569 3970 demigravit.
586 3878 638 3946 Ibi
658 3902 762 3970 quum
778 3879 848 3970 ejus
862 3877 1027 3970 principes
1043 3879 1185 3948 civitatis
1196 3880 1267 3947 ani·

232 3995 462 4065 madvertisset
478 3996 609 4081 timere,
627 4021 669 4064 ne
690 4012 826 4090 propter
846 4021 880 4064 se
899 3993 1023 4064 bellum
1045 3997 1096 4065 his
1115 3997 1267 4066 Laoodoe-
1314 3971 1319 3980 .

234 4116 338 4184 monii
347 4127 381 4184 et
397 4114 615 4204 Athenienses
631 4113 830 4202 indicerent;
848 4115 889 4184 ad
901 4116 1095 4204 Admetum,
1105 4116 1268 4185 Molosso·

180 4269 182 4274 ·
236 4257 307 4302 rum
325 4257 450 4326 regem,
465 4259 538 4301 cum
549 4258 624 4327 ‘quo
638 4235 668 4300 ei
684 4234 865 4327 hospitium
881 4234 1001 4323 suerat,
1018 4235 1176 4330 confugit.
1193 4240 1267 4305 Huc
