3168 5048
662 651 1169 805 ennoroiocn

455 977 740 1063 HISTORIAE
767 977 815 1058 T.
842 905 1139 1057 'POMPONH
1171 968 1381 1054 ATTICI.

841 1345 999 1361 η*

402 1604 506 1708 Arno
519 1650 605 1706 Urbis
619 1648 690 1717 644,
704 1645 829 1702 triennio
847 1654 912 1700 ante
925 1647 966 1700 M.
983 1643 1109 1700 Tullium
1121 1644 1299 1716 Ciceronem,
1316 1649 1350 1718 Q.
1365 1647 1448 1705 Coec.

400 1746 517 1801 Metello
526 1743 675 1798 Numidico
688 1751 716 1795 et
726 1740 771 1818 M.
780 1738 866 1794 lanio
885 1738 968 1810 Sylla
983 1737 1058 1844 Coss.
1072 1736 1128 1793 Tit.
1141 1739 1316 1812 Pomponius
1331 1742 1448 1798 Atticus

399 1836 532 1894 nascitur
548 1853 608 1913 cap.
629 1853 668 1888 r.

438 1914 522 1984 Anno
544 1926 632 1983 Urbis
656 1922 727 1994 666,
748 1921 893 1978 Ciceronis
912 1939 963 1990 ιο,
996 1921 1044 1976 Cn.
1070 1920 1184 1976 Octavio
1207 1932 1235 1979 et
1256 1925 1289 1977 L.
1314 1923 1450 1981 Comelsir

404 2020 495 2076 Cr'rrrta
513 2019 589 2075 Coss.
605 2018 728 2072 Athenas
745 2034 774 2070 se
789 2013 909 2069 contulit
922 2013 1042 2082 Atticus,
1053 2031 1161 2068 annum
1173 2031 1259 2086 agens
1273 2015 1447 2089 vigesimum

324 2173 329 2182 ,
401 2111 537 2170 tertium:
557 2109 673 2192 quando
692 2125 767 2162 anno
785 2105 920 2180 proximo
939 2104 1165 2190 praecedenteP.
1189 2105 1330 2180 Sulpicius
1349 2109 1494 2174 Rufras

351 2226 353 2230 ’
402 2207 481 2263 Trib.
498 2207 538 2280 pl.
557 2204 665 2278 aSylla
681 2198 843 2256 interiectus
860 2209 909 2254 est.
926 2215 987 2270 cap
1002 2215 1038 2252 11.

443 2304 526 2355 Anno
547 2297 634 2352 Urbis
654 2294 727 2366 674,
746 2293 802 2349 Cic.
822 2291 873 2362 ιδ,
891 2293 924 2346 P.
947 2290 1062 2346 Servilrb
1082 2291 1170 2346 Vatz'a
1188 2303 1228 2348 et
1240 2297 1298 2368 Ap.
1324 2295 1443 2353 Claudio

402 2392 525 2450 Pulchro
542 2390 616 2445 Coss.
630 2387 748 2444 Athenis
761 2385 861 2459 Cicero
877 2385 1046 2460 Epicureos,
1063 2384 1228 2456 Phaedram,
1241 2396 1269 2442 et
1285 2390 1441 2461 Zenonem,

402 2485 565 2558 frequenter
576 2500 641 2536 cum
654 2478 751 2535 Attico
765 2477 886 2546 audivit,
898 2487 930 2533 ut
943 2477 1004 2551 ipse
1017 2476 1056 2532 ait
1071 2476 1130 2532 lib
1127 2494 1164 2531 11
1178 2479 1214 2532 de
1226 2479 1318 2535 Firrib.
1328 2492 1355 2537 et
1372 2484 1442 2539 Tus-

402 2580 457 2633 cul.
474 2595 533 2642 111,
550 2584 578 2630 et
592 2574 720 2629 Acadr

442 2675 526 2724 Anno
550 2667 637 2723 Urbis
661 2663 739 2735 686,
766 2663 910 2718 Ciceronis
935 2682 1004 2719 vero
1029 2670 1085 2734 423
1107 2665 1140 2717 L.
1166 2665 1281 2719 Aurelrb
1308 2621 1388 2721 Cotta
1415 2679 1441 2724 et
1538 2685 1541 2693 ·

385 2764 445 2824 M.
466 2759 578 2815 Manlr'o
601 2759 741 2831 Torquato
761 2755 836 2810 Coss.
851 2754 938 2811 atatis
956 2774 1032 2810 anno
1050 2753 1100 2825 45,
1119 2773 1207 2830 quum
1221 2756 1281 2830 jam
1301 2776 1390 2815 annos
1404 2774 1463 2816 aa*

403 2851 520 2908 Athenis
537 2860 727 2909 commoratus
744 2856 816 2916 erat,
828 2848 949 2902 Romam
961 2846 1134 2922 remigravit.
1148 2867 1208 2922 cap.
1225 2866 1266 2906 ιι.

329 3000 331 3003 ,
444 2949 529 2999 Anno
545 2941 632 2998 Urbis
650 2940 722 3015 6923
736 2940 881 2996 Ciceronis
903 2938 956 3010 46,
973 2939 1061 3014 ipsius
1078 2940 1166 3002 Attici
1185 2947 1236 3016 49,
1252 2959 1341 3015 quum
1357 2944 1441 3016 legati

404 3039 500 3093 locum
516 3034 645 3091 obtinere
662 3043 757 3108 posset
771 3033 848 3107 apud
864 3036 899 3103 Q.
916 3033 1082 3090 Ciceronem
1098 3033 1169 3088 Asia
1184 3043 1348 3108 pretorem,
1360 3039 1440 3092 nole-

403 3132 462 3190 bat.
482 3131 548 3198 Quo
564 3147 639 3184 anno
655 3129 753 3183 Roma
770 3126 846 3183 Coss
865 3137 944 3182 erant
961 3127 1004 3181 M.
1023 3127 1128 3201 Pupius
1144 3129 1212 3183 Piso
1219 3168 1230 3196 ,
1249 3138 1277 3184 et
1294 3130 1336 3183 M.
1356 3130 1439 3186 Vale-

405 3224 462 3278 rius
476 3222 616 3277 Messala.
633 3238 694 3295 cap.
711 3235 751 3276 vr.

443 3317 527 3370 Anno
555 3312 641 3368 Urbis
672 3313 752 3389 697,
782 3311 925 3367 Ciceronis
955 3309 1014 3381 5ι,
1042 3312 1089 3368 Cn.
1120 3313 1246 3370 Cornelio
1270 3317 1385 3371 Damio
1413 3326 1440 3371 et

403 3409 437 3461 L.
454 3407 567 3461 Marcio
581 3405 719 3480 Philippo
730 3404 804 3460 Coss.
810 3444 820 3473 ,
838 3402 931 3477 pridie
944 3404 1011 3460 Idus
1020 3404 1090 3460 febr.
1103 3406 1136 3461 T.
1150 3407 1325 3481 Pomponius
1333 3406 1444 3462 Atticus

405 3497 505 3554 Piliam
520 3515 640 3553 uxorem
657 3497 751 3566 duxit,
770 3515 877 3553 annum
893 3514 979 3571 agens
1001 3499 1087 3553 aetatis
1106 3495 1154 3568 54,
1169 3499 1200 3554 in
1218 3501 1320 3574 quibus
1336 3500 1438 3574 nuptiis

406 3589 505 3646 Cicero
523 3590 652 3646 coenavit.
668 3591 723 3663 Ep.
739 3608 799 3660 111,
811 3589 861 3644 lib.
877 3609 914 3659 11,
929 3589 1109 3662 adstarem

315 3747 318 3753 .
446 3686 530 3739 Anno
547 3680 634 3738 Urbis
655 3682 727 3751 7ο3,
750 3681 892 3737 Ciceronis
911 3679 969 3753 57,
993 3683 1084 3738 Attici
1098 3680 1151 3754 5ο,
1166 3687 1198 3740 L.
1219 3686 1333 3740 AEmilr'o
1350 3687 1439 3740 Paulo

407 3786 435 3831 et
453 3775 571 3830 Claudio
586 3776 725 3830 Marcella
741 3775 817 3830 Coss.
833 3774 1021 3832 Caesarianum
1033 3777 1141 3832 bellum
1158 3777 1283 3833 incidit·
1303 3777 1380 3852 quod
1396 3795 1439 3833 se·

360 3882 362 3887 ·
408 3867 506 3940 quenti
524 3885 600 3922 anno
618 3884 733 3947 prorsus
750 3866 782 3921 in
798 3865 940 3924 flammam
958 3868 1036 3923 abiit.
1059 3888 1119 3942 cap
1139 3889 1195 3925 vn.

448 3962 531 4014 Anno
544 3958 631 4015 Urbis
645 3977 716 4035 7ο9,
729 3959 873 4016 Ciceronis
886 3961 938 4032 63,
953 3961 1037 4016 Attici
1050 3961 1104 4031 66·
1122 3961 1151 4018 C.
1168 3963 1223 4018 Iul.
1244 3965 1348 4022 Caesar
1357 3981 1438 4038 quum
