3198 5174
397 495 414 553 6
731 487 904 542 CORNELII
922 485 1077 542 NEPOTIS

434 613 493 679 IV.
511 612 632 678 Darius
651 625 776 696 autem,
793 635 895 702 quum
911 635 950 677 ex
967 613 1098 704 Europa
1115 611 1149 677 in
1170 610 1278 678 Asiam
1295 611 1409 679 rediis-

387 744 451 816 set,
468 729 677 798 hortantibus
697 730 829 814 amicis,
847 743 883 797 ut
901 731 1063 797 Graeciam
1082 728 1244 822 redigeret
1263 731 1297 797 in
1317 754 1408 797 suam

388 862 600 940 potestatem,
616 847 752 916 classem
764 849 1018 942 quingentarum
1039 849 1171 916 navium
1187 848 1408 941 comparavit,

387 968 483 1058 eique
503 969 615 1036 Datim
637 965 782 1060 praefecit
802 982 836 1035 et
858 966 1118 1059 Artaphemem3
1138 967 1253 1059 hisque
1268 967 1409 1038 ducenta

387 1085 553 1178 peditum,
574 1084 686 1153 decem
703 1083 806 1154 millia
825 1087 974 1182 equitum
995 1084 1108 1153 dedit:
1126 1108 1257 1154 cansam
1274 1089 1409 1154 interse-

386 1227 478 1290 rens,
501 1229 534 1272 se
553 1205 682 1272 hostem
702 1228 771 1272 esse
789 1203 1057 1291 Atheniensibus,
1077 1182 1166 1297 quod
1183 1229 1298 1274 corum
1319 1206 1410 1273 auxi-

386 1323 431 1393 lio
455 1327 552 1392 Iones
575 1322 705 1391 Sardeis
728 1327 984 1418 expugnassent,
1002 1349 1125 1416 suaque
1141 1323 1287 1417 praesidia
1311 1326 1408 1392 intc'r·

387 1442 549 1511 fecissent.
566 1440 619 1509 Illi
635 1440 779 1534 praefecti
794 1444 892 1536 regii,
907 1442 1009 1512 classe
1025 1443 1067 1512 ad
1083 1443 1241 1512 Euboeam
1257 1442 1408 1536 appulsa,

358 1567 362 1580 '
387 1560 536 1629 celeriter
550 1563 713 1630 Eretriam
730 1577 906 1656 ceperunt,
922 1586 1100 1655 omnesque
1118 1564 1187 1654 ejus
1203 1563 1308 1655 gentis
1325 1563 1409 1630 cives

388 1679 542 1772 abreptos
561 1681 595 1748 in
610 1682 722 1749 Asiam
738 1681 780 1750 ad
796 1704 906 1774 regem
926 1682 1095 1749 miserunt.
1116 1681 1198 1749 Inde
1212 1680 1253 1749 ad
1266 1678 1409 1749 Atticam

388 1814 608 1886 accesserunt,
631 1824 669 1868 ae
691 1824 765 1868 suas
783 1801 893 1893 copias
917 1800 951 1866 in
967 1823 1120 1892 campum
1142 1799 1339 1870 Marathona
1355 1779 1411 1868 de-

388 1915 563 1985 duxerunt.
580 1922 613 1986 Is
628 1918 720 1986 abest
736 1920 776 1987 ab
790 1918 914 2012 oppido
929 1919 1060 1986 circiter
1069 1916 1172 1988 millia
1187 1943 1342 2012 passuum
1357 1917 1411 1986 de·

389 2060 471 2104 cem.
492 2040 565 2105 Hoc
580 2025 726 2106 tumultu
743 2039 958 2107 Athenienses
973 2052 1042 2105 tam
1061 2037 1263 2130 propinquo,
1280 2052 1411 2128 tamque

391 2180 512 2250 magno
532 2158 687 2250 permoti,
709 2157 867 2226 auxilium
888 2179 1066 2249 nusquam,
1087 2157 1150 2224 nisi
1169 2179 1188 2223 a
1208 2155 1411 2224 Lacedaemo-

390 2277 467 2363 niis,
484 2277 686 2369 petiverunt3
699 2275 1003 2369 Philippidemque,
1018 2297 1185 2344 cursorem
1201 2275 1271 2366 ejus
1285 2276 1412 2369 generis

390 2397 447 2488 qni
471 2394 722 2464 Hemerodromi
747 2410 923 2480 vocantur,
942 2392 1209 2462 Lacedaemonem
1235 2395 1411 2479 miserunt,

389 2528 427 2581 ut
443 2516 626 2598 nuntiaret,
641 2538 739 2605 quam
760 2512 857 2582 celeri
877 2538 959 2605 opus
980 2527 1064 2580 esset
1079 2513 1212 2581 auxilio.
1233 2515 1335 2581 Domi
1357 2538 1413 2580 au·

388 2649 456 2702 tem
471 2645 584 2700 creant
599 2632 712 2700 decem
728 2647 901 2725 praetores,
916 2632 974 2724 qui
989 2633 1146 2700 exercitui
1169 2647 1357 2724 praeessent3
1378 2633 1412 2700 in

390 2752 436 2820 eis
451 2751 637 2820 Miltiadem
654 2777 662 2820 ε
678 2746 765 2820 inter
780 2776 862 2842 quos
879 2775 997 2845 magna
1015 2750 1080 2818 fuit
1098 2751 1282 2837 contentio,
1299 2765 1411 2818 utrum

390 2870 552 2938 moenibus
584 2895 618 2939 se
647 2870 874 2956 defenderent,
901 2895 944 2938 an
968 2870 1100 2938 obviam
1130 2870 1218 2938 irent
1243 2869 1412 2956 hostibus,

389 2991 522 3084 acieque
537 2989 759 3059 decernerent.
773 2992 868 3058 Unus
886 2989 1052 3059 Miltiades
1067 2990 1208 3058 maxime
1228 2990 1412 3071 nitebatur,
1517 3043 1521 3052 .

389 3123 427 3178 ut
443 3111 552 3202 primo
572 3134 704 3203 quoque
723 3124 872 3202 tempore
893 3124 999 3178 castra
1020 3109 1161 3178 tierent:
1183 3109 1217 3176 id
1239 3110 1266 3178 si
1287 3109 1412 3178 factum

389 3243 490 3317 esset,
504 3243 538 3296 et
551 3229 677 3297 civibus
690 3231 837 3297 animum
852 3253 1074 3315 accessurum,
1088 3253 1192 3321 quum
1207 3228 1356 3296 viderent
1372 3228 1413 3296 de

389 3348 504 3419 eorum
532 3350 655 3418 virtute
682 3374 749 3416 non
773 3350 953 3443 desperari;
972 3363 1005 3416 et
1022 3348 1135 3417 hostes
1153 3346 1266 3418 eadem
1286 3372 1322 3416 re
1344 3347 1413 3416 fore

392 3468 564 3556 tardiores,
587 3469 613 3537 si
633 3467 950 3555 animadverterent,
971 3467 1083 3538 auderi
1104 3466 1260 3536 adversus
1286 3491 1320 3535 se
1346 3480 1411 3534 tam

391 3588 517 3679 exiguis
536 3588 638 3679 copiis
655 3586 821 3656 dimicare.

437 3708 479 3773 V.
491 3709 563 3773 Hoc
576 3707 609 3774 in
623 3721 770 3800 tempore
785 3704 876 3774 nulla
892 3707 1006 3773 civitas
1022 3704 1276 3774 Atheniensibus
1291 3703 1414 3772 auxilio

389 3823 466 3910 fuit,
482 3838 600 3917 praeter
615 3822 843 3894 Plataeensium
863 3849 871 3891 ε
890 3848 927 3892 ea
949 3823 1039 3892 mille
1057 3823 1147 3893 misit
1171 3823 1324 3892 militum.
1348 3827 1413 3891 lta-

390 3968 453 4033 que
469 3943 589 4011 horum
610 3943 752 4010 adventu
770 3942 882 4011 decem
905 3943 1007 4012 millia
1030 3958 1232 4012 armatorum
1252 3940 1413 4035 completa

391 4078 486 4147 sunt;
507 4087 578 4154 quae
602 4087 717 4165 manus
738 4062 877 4130 mirabili
894 4063 1063 4157 ,flagrabat
1094 4061 1262 4155 pugnandi
1285 4059 1413 4154 cupidi·
