3168 5048
373 521 424 562 10²
705 498 879 554 connum
892 461 1055 557 ’ΝΕνοτιε

414 631 473 697 ῙΧ.
492 624 674 696 Dimidium
689 623 756 692 fere
767 625 908 719 spatium
921 625 1237 715 confecerat,·quum
1248 646 1289 691 ex
1299 623 1391 692 firmo

367 761 549 816 castrorum
566 745 636 836 ejus
653 744 794 837 suspicio
811 741 907 811 allata
926 758 976 812 est
992 742 1033 811 ad
1049 747 1245 829 Eumenem,
1260 741 1390 810 hostem

367 865 639 959 appropinquare.
659 862 868 930 Conveniunt
882 861 980 932 duces
997 887 1006 929 ε
1022 862 1194 954 quaeritur,
1210 859 1290 952 quid
1306 883 1392 953 opus

367 985 409 1051 sit
420 983 520 1052 lacto.
538 980 768 1074 Intelligebant
785 1005 912 1066 omnes,
929 995 996 1048 tam
1019 979 1165 1048 celeriter
1182 978 1292 1073 copias
1306 980 1393 1072 ipso-

365 1127 440 1171 rum
455 1102 604 1171 contrahi
620 1124 686 1168 non
697 1125 806 1195 posse,
818 1121 916 1190 quam
929 1099 1114 1190 Antigonus
1126 1096 1289 1166 affiiturus
1302 1098 1393 1167 vide-

365 1220 471 1289 batur.
494 1222 573 1306 Hic,
595 1220 746 1288 omnibus
770 1218 1000 1304 titubantibus,
1025 1215 1117 1287 etde
1137 1218 1234 1285 rebus
1255 1219 1393 1286 summis

364 1338 626 1432 desperantibus,
647 1339 809 1408 Eumenes
832 1338 892 1424 ait,
915 1339 942 1404 si
962 1335 1159 1406 celeritatem
1178 1334 1281 1404 velint
1300 1335 1394 1404 adhi-

365 1458 456 1544 bere,
473 1471 507 1525 et
523 1457 681 1549 imperata
694 1455 814 1543 facere,
827 1455 917 1548 quod
932 1469 1008 1523 ante
1024 1480 1092 1523 non
1109 1452 1258 1542 fecerint,
1271 1479 1304 1522 se
1319 1479 1393 1522 rein

364 1573 602 1668 expediturum.
617 1576 717 1659 Nam,
731 1574 820 1666 quod
836 1573 949 1643 diebus
963 1575 1108 1667 quinque
1119 1574 1221 1641 hostis
1238 1574 1394 1642 transisse

366 1708 487 1788 posset,
516 1718 550 1762 se
573 1692 783 1781 effecturum,
811 1708 849 1761 ut
874 1718 941 1761 non
965 1695 1074 1760 minus
1101 1691 1238 1760 totidem
1263 1690 1393 1760 dierum

364 1813 468 1905 spatio
493 1811 713 1907 retardaretur
739 1837 748 1878 ε
773 1837 875 1904 quare
900 1813 1124 1898 circumirent,
1150 1835 1225 1880 suas
1253 1813 1402 1904 quisque*

364 1931 473 2022 copias
501 1931 716 1999 contraheret
750 1931 801 2002 Ad
831 1931 987 2025 Antigoni
1016 1945 1125 1998 autem
1158 1928 1393 2000 refrenandum

364 2047 537 2142 impetum,
563 2048 627 2117 tale
652 2051 739 2143 capit
763 2047 944 2118 consilium.
973 2053 1089 2118 Certos
1115 2050 1215 2117 mittit
1241 2047 1394 2115 homines

364 2165 406 2234 ad
430 2166 559 2237 infimos
585 2177 726 2257 montes,
752 2170 810 2262 qui
835 2170 922 2238 obvii
944 2183 1037 2238 erant
1061 2168 1169 2236 itineri
1192 2167 1395 2264 adversarioj

363 2309 454 2373 rum3
476 2287 591 2380 hisque
610 2290 779 2382 pracepit,
801 2303 839 2356 ut
859 2289 966 2381 prima
984 2303 1094 2370 nocte,
1116 2311 1215 2379 quam
1237 2285 1394 2354 latissime

363 2407 504 2500 possint,
517 2408 608 2501 ignes
624 2407 743 2476 faciant
759 2433 858 2501 quani
875 2410 1047 2494 maximos,
1064 2399 1162 2499 atque
1172 2407 1233 2474 hos
1249 2403 1393 2473 secunda

365 2522 474 2618 vigilia
493 2527 659 2614 minuant,
682 2528 778 2596 tertia
797 2528 989 2622 perexiguos
1008 2525 1161 2613 reddant3
1183 2540 1233 2613 et,
1255 2526 1401 2594 assimu:

364 2641 429 2710 lata
445 2659 627 2713 castrorum
646 2647 896 2734 consuetudine,
919 2647 1135 2740 suspicionem
1152 2646 1300 2737 injiciant
1315 2645 1393 2714 hos·

362 2752 465 2852 tibus,
491 2762 541 2831 his
566 2762 646 2832 locis
665 2789 734 2833 esse
758 2780 878 2854 castra,
901 2791 940 2834 ac
961 2765 1002 2834 de
1022 2789 1137 2833 eorum
1156 2764 1298 2833 adventu
1320 2789 1391 2832 esse
1507 2814 1516 2831 .

362 2883 633 2973 prenuntiatum3
659 2883 809 2977 idemque
831 2899 962 2978 postera
984 2900 1080 2953 nocte
1104 2884 1232 2954 faciant.
1258 2884 1391 2972 Quibus

363 2999 558 3091 imperatum
582 3017 666 3090 erat,
688 3000 859 3097 diligenter
880 3018 1080 3098 praeceptum
1106 3017 1233 3073 curant
1256 3005 1391 3098 Antigo-

363 3143 440 3208 nus,
463 3122 604 3190 tenebris
625 3123 763 3211 obortis,
785 3125 876 3218 ignes
896 3126 1121 3218 conspicatur3
1144 3123 1247 3192 credit
1268 3125 1307 3193 de
1328 3150 1391 3194 suo

362 3239 505 3309 adventu
533 3267 601 3311 esse
629 3243 797 3331 auditum,
825 3259 857 3312 et
884 3243 1084 3312 adversarios
1109 3243 1187 3312 illuc
1214 3269 1287 3314 suas
1312 3267 1391 3312 oon-

362 3362 496 3429 traxisse
520 3365 639 3456 copias.
662 3366 772 3432 Mutat
793 3361 984 3448 consilium,
1010 3377 1057 3450 et,
1085 3365 1241 3455 quoniam
1266 3364 1391 3456 impru-

361 3478 473 3548 dentes
487 3480 608 3549 adoriri
624 3507 691 3551 non
709 3497 834 3577 posset,
851 3482 952 3552 flectit
969 3485 1031 3551 iter
1047 3507 1160 3570 suum,
1176 3497 1209 3550 et
1227 3481 1318 3550 illum
1332 3508 1391 3550 an-

361 3595 500 3694 lraotum
513 3599 694 3696 longiorem
708 3604 846 3696 copiosae
863 3605 922 3672 viae
938 3605 1040 3698 capit,
1058 3604 1167 3696 ibique
1184 3602 1269 3671 diem
1284 3628 1389 3672 unum

360 3721 546 3811 opperitur,
568 3721 611 3789 ad
632 3719 856 3792 lassitudinem
878 3723 1053 3792 sedandam
1076 3722 1233 3810 militum,
1255 3748 1293 3791 ac
1314 3723 1389 3794 refi-

360 3837 474 3906 cienda
486 3839 650 3930 jumenta,
664 3865 731 3932 quo
745 3843 921 3936 integriore
933 3844 1076 3911 exercitu
1093 3842 1290 3912 decerneret.

407 3959 448 4024 X.
474 3959 536 4026 Hic
552 3963 713 4030 Eumenes
728 3959 881 4030 callidum
895 3963 1124 4056 imperatorem
1141 3965 1219 4031 vicit
1235 3962 1386 4049 consili0,

333 4099 334 4104 ¹
360 4073 620 4172 celeritatemque
633 4079 799 4174 impedivit
810 4082 879 4174 ejus
894 4107 902 4150 ε
918 4107 1023 4176 neque
1035 4098 1142 4151 tamen
1158 4081 1300 4151 multum
1313 4107 1388 4175 pro·
