3168 5048
581 533 813 588 FRAGMENTA.
986 567 988 574 ι
1154 531 1208 588 155

186 657 234 749 gis
250 656 430 729 existimem
447 681 530 750 opus
548 681 617 726 esse
634 658 795 752 magistris
815 655 959 744 vivendi,
979 677 1075 748 quam
1094 656 1209 750 pleris-

187 795 264 866 que,
284 777 393 868 quiin
418 801 456 846 ea
476 775 673 870 disputanda
691 791 871 846 versantur.
898 775 1004 847 Video
1028 777 1115 844 enim
1138 799 1209 848 ma·
1313 754 1315 758 .

187 915 283 985 gnam
304 907 429 986 partem
452 917 583 982 aarum,
602 895 659 988 qui
683 895 717 962 in
735 894 847 963 schola
870 895 910 962 de
932 893 1060 988 pudore
1079 907 1112 962 et
1129 916 1209 962 con·

186 1013 323 1081 tinentia
356 1014 546 1108 praecipiant
578 1014 800 1108 argutissime,
835 1011 964 1081 eosdem
996 1014 1031 1109 in
1062 1013 1210 1081 omnium
1332 1015 1333 1018 ’

149 1198 152 1202 ,
187 1128 360 1202 libidinum
389 1130 620 1225 cupiditatibus
650 1133 767 1200 vivere.
797 1134 1014 1217 Laetam,
1039 1132 1115 1201 Diu.
1147 1136 1212 1200 ins-

188 1247 465 1337 tit.1rr,15,10.
512 1251 515 1257 ’

455 1526 503 1593 Μ.
529 1509 940 1594 Tumucrcnaorus

355 1729 401 1778 An
418 1731 514 1784 GORN.
531 1731 683 1782 NEPOTEM
700 1729 926 1780 murcianum
943 1728 1002 1777 us.
1018 1729 1050 1777 11.

240 1955 353 2046 ltaque
369 1936 604 2047 nostri,quum
619 1954 744 2041 omnia,
760 1977 832 2045 quoe
849 1951 1053 2039 dixissemus,
1070 1949 1154 2018 dicta
1167 1973 1215 2017 es-

195 2086 279 2158 sent;
297 2077 369 2166 qua
388 2072 490 2141 Pacete
510 2086 543 2140 et
561 2072 703 2141 breviter
720 2085 753 2142 et
771 2085 863 2142 acuta
885 2070 985 2140 locuti
1003 2091 1159 2155 essemus,
1177 2091 1217 2136 aa

195 2193 332 2284 proprio
349 2191 482 2260 nomine
499 2190 655 2285 appellari
671 2190 763 2261 dicta
783 2188 969 2259 voluerunt.
985 2186 1135 2258 Macrob.
1153 2189 1215 2257 Sa-

195 2323 281 2377 turn.
300 2305 357 2377 lib.
379 2333 421 2393 11,
440 2335 468 2378 c.
491 2333 519 2378 1.

438 2548 483 2595 sn
500 2547 638 2596 ammam
655 2548 701 2594 nx
716 2547 810 2595 mmo
826 2545 974 2594 menneo.
1009 2605 1011 2610 ¹

245 2762 317 2826 Hoc
338 2759 501 2828 restiterat
519 2758 633 2843 etiam,
650 2772 688 2826 ut
709 2781 728 2826 a
749 2771 781 2824 te
801 2755 884 2826 fictis
902 2751 1094 2848 aggrederer
1111 2751 1215 2820 donis.

202 2877 363 2946 Priscian.
387 2881 536 2947 Gramm.
556 2874 611 2943 lib.
626 2899 706 2963 vm,
721 2872 782 2943 col.
803 2861 880 2969 792.
1001 2863 1004 2866 ¹

247 2996 316 3084 Qui
335 2995 447 3083 habet,
465 2993 553 3064 ultro
573 2995 754 3087 appetitur3
772 2979 829 3085 dui
845 3006 893 3062 est
911 3011 1048 3086 pauper,
1067 3011 1218 3081 asperna-

200 3130 264 3183 tur.
284 3114 336 3183 Id.
354 3114 425 3183 eod.
444 3114 502 3182 loc.
1182 3085 1186 3096 Δ

248 3231 366 3320 Quid?
394 3246 561 3300 oratorum
587 3253 684 3321 quem
710 3228 787 3295 huic
810 3241 983 3319 antepones
1004 3248 1134 3312 eorum,
1164 3226 1220 3316 qui

203 3348 393 3426 nihilaliud
409 3347 565 3442 egerunt?
583 3349 656 3440 quis
678 3344 842 3416 sententiis
861 3357 918 3411 aut
933 3333 1059 3411 acutior
1079 3356 1136 3412 aut
1152 3365 1221 3409 crc-

202 3467 316 3537 briorl
339 3469 412 3559 quis
430 3467 535 3536 verbis
550 3469 609 3535 aut
624 3465 771 3534 ornatior
787 3477 845 3532 aut
862 3459 1061 3556 elegantior?
1076 3463 1166 3533 Suet.
1185 3459 1220 3526 in

206 3588 290 3655 Coes.
309 3610 336 3653 c.
356 3609 406 3654 nv.

255 3708 303 3774 Ut
320 3704 446 3774 Tullius
466 3703 577 3790 docet,
601 3700 799 3770 crudelitatis
817 3700 988 3793 increpans
1009 3700 1168 3768 Caesarem
1187 3685 1231 3763 in'
1263 3779 1264 3784 ἵ

204 3825 347 3922 quadam
356 3823 397 3892 ad
408 3825 569 3917 Nepotem
580 3817 723 3915 epistola.
735 3817 941 3911 Nequeenim
951 3812 1223 3909 quidquamaliud

206 3963 253 4016 est
263 3945 419 4029 felicitas,
440 3942 561 4033 inquit,
578 3940 639 4007 nisi
660 3938 872 4006 honestarum
889 3959 999 4004 rerum
1013 3933 1222 4026 prosperitas;

207 4065 273 4152 vel,
292 4078 329 4131 ut
346 4061 409 4130 alio
426 4057 525 4127 modo
543 4056 707 4143 deliniam,
720 4055 856 4124 felicitas
873 4067 921 4122 est
937 4052 1067 4120 fortuna
1083 4048 1223 4141 adjutrix
