3198 5174
599 639 893 696 THEMISTOCLES.
1230 658 1258 708 17

115 827 120 836 .
234 765 320 832 Nam
341 789 443 857 quum
461 767 495 834 in
518 767 634 834 Asiam
649 766 771 834 reverti
788 763 904 851 vellet,
928 764 1046 858 proelio
1066 765 1155 858 apud
1171 767 1263 835 Sala-

234 884 325 952 mina
341 883 441 967 fact03
457 881 576 952 litteris
592 909 667 952 eum
684 885 859 952 certiorem
876 882 952 966 feci,
973 882 1007 950 id
1024 885 1092 976 agi,
1114 899 1151 952 ut
1167 909 1266 978 pons,

236 1027 332 1095 quem
347 1004 381 1070 in
391 1001 605 1096 Hellesponto
615 991 1017 1090 fecerat,dissolveretur,
1027 1018 1127 1096 atque
1142 1005 1183 1072 ab
1193 1005 1267 1074 hos·

236 1121 320 1189 tibus
338 1123 590 1191 circumiretur:
603 1147 671 1215 qno
682 1124 800 1190 nuntio
814 1120 872 1190 ille
880 1120 1028 1216 periculo
1040 1136 1091 1191 est
1097 1120 1266 1192 liberatus.

234 1243 333 1310 Nunc
353 1255 465 1308 autem
480 1241 522 1308 ad
540 1255 573 1310 te
588 1240 738 1335 confugi,
757 1247 939 1336 exagitatus
955 1267 975 1309 a
990 1255 1109 1327 cuncta
1122 1243 1267 1330 Graecia,

234 1377 326 1430 tuam
346 1376 462 1455 petens
482 1361 659 1429 amicitiam
680 1387 687 1428 :
707 1385 806 1453 quam
828 1362 855 1428 si
871 1384 928 1429 ero
947 1360 1103 1453 adeptus,
1124 1386 1191 1428 non
1208 1364 1269 1431 mi·

235 1506 297 1550 nus
307 1505 359 1549 me
372 1481 499 1562 bonum
512 1481 657 1548 amicum
674 1480 827 1577 habebis,
846 1504 947 1571 quam
964 1479 1082 1547 fortem
1096 1481 1267 1548 inimicum

173 1649 175 1654 ·
235 1598 289 1667 ille
303 1614 458 1693 expertus
477 1612 538 1690 est.¹
558 1602 615 1668 Ea·
633 1612 744 1666 autem
773 1623 870 1692 rogo,
891 1613 930 1666 ut
949 1598 989 1665 de
1014 1599 1065 1667 his
1091 1599 1208 1685 rebus,
1230 1599 1270 1666 de

234 1719 355 1810 quibus
374 1733 484 1787 tecum
501 1716 645 1810 colloqui
664 1716 758 1804 volo,
776 1742 900 1804 annum
921 1717 1003 1785 mihi
1019 1720 1176 1811 temporis
1194 1719 1268 1807 des,

233 1863 341 1930 eoque
361 1853 543 1925 transacto,
560 1862 613 1905 me
629 1837 672 1904 ad
689 1851 720 1904 te
738 1837 850 1904 venire
871 1827 1015 1930 patiaris.
1031 1865 1048 1900 n

282 1961 325 2025 X.
337 1958 445 2049 Hujus
458 1982 515 2024 rex
530 1957 633 2024 animi
650 1956 912 2050 magnitudinem
927 1955 1107 2044 admirans,
1120 1958 1272 2050 cupiens·
1310 2005 1314 2017 «

233 2101 300 2170 que
315 2074 414 2144 talem
426 2077 536 2142 virum
555 2076 618 2143 sibi
632 2074 819 2162 conciliari,
829 2075 960 2142 veniam
976 2074 1075 2143 dedit.
1093 2073 1154 2144 Ille
1170 2100 1269 2146 omne

233 2195 318 2265 illud
328 2210 459 2287 tempus
473 2194 592 2263 litteris
609 2219 818 2286 sennomque
832 2197 1007 2262 Persarum
1024 2194 1113 2262 dedit
1129 2220 1136 2262 :
1151 2198 1271 2288 quibus

232 2315 318 2384 adeo
339 2297 487 2382 eruditus
503 2327 565 2401 est,
582 2329 621 2382 nt
630 2312 736 2381 multo
753 2313 957 2408 commodius
971 2313 1099 2382 dicatur
1118 2315 1206 2408 apud
1222 2342 1272 2384 re-

234 2459 312 2528 gem
320 2434 422 2501 verba
436 2431 567 2520 fecisse,
581 2457 680 2526 quam
692 2433 729 2500 hi
739 2424 907 2526 poterant,
917 2434 1018 2524 quiin
1031 2434 1163 2500 Perside
1176 2451 1273 2504 erant

233 2553 318 2620 nati.
334 2553 398 2620 Hic
407 2576 510 2644 quum
528 2551 630 2618 multa
650 2552 719 2644 regi
736 2567 821 2620 esset
836 2549 1015 2645 pollicitus,
1033 2555 1271 2646 gratissimum·

232 2697 302 2766 que
311 2670 409 2756 illud,
421 2671 449 2739 si
464 2672 530 2738 suis
542 2676 591 2739 uti
608 2659 752 2739 consiliis
767 2669 884 2758 vellet,
899 2669 994 2740 illum
1004 2673 1168 2740 Graeciam
1184 2672 1272 2742 bello

231 2815 489 2886 oppressurum3
501 2793 629 2882 magnis
648 2794 841 2858 muneribus
859 2791 900 2857 ab
913 2793 1094 2858 Artaxerxe
1111 2791 1270 2880 donatus,

230 2916 271 2980 in
293 2912 404 2980 Asiam
432 2911 544 2998 rediit,
575 2907 841 3000 domiciliumque
866 2910 1045 3002 Magnesiae
1068 2912 1128 2980 sibi
1149 2915 1271 2983 consti-

231 3033 311 3100 tuit.
331 3033 484 3122 Namque
504 3031 590 3100 hanc
606 3032 721 3099 urbem
739 3030 768 3096 ei
785 3049 843 3093 rex
860 3026 1018 3116 donarat,
1032 3031 1082 3099 his
1103 3055 1181 3100 usus
1198 3058 1272 3101 ver-

228 3153 305 3237 bis,
322 3175 395 3242 quae
413 3149 444 3217 ei
460 3174 579 3242 panem
605 3151 766 3243 praeberet
782 3147 838 3242 (ex
863 3173 929 3241 qua
950 3151 1083 3242 regione
1109 3153 1291 3245 quinqua·
1341 3237 1343 3242 ,

227 3271 328 3366 ginta
344 3271 374 3337 ei
396 3269 517 3338 talenta
538 3273 714 3363 quotannis
732 3266 917 3362 redibant);
933 3271 1167 3362 Lampsacum,
1184 3273 1272 3342 unde
1320 3253 1327 3280 l

225 3393 352 3458 vinum
375 3404 536 3473 sumeret;
555 3391 744 3482 Myuntem,
772 3412 809 3458 ex
836 3411 900 3478 qua
927 3390 1103 3480 opsonium
1123 3391 1270 3461 haberet.

224 3510 343 3602 Hujus
372 3509 415 3578 ad
441 3523 588 3577 nostram
617 3507 810 3574 memoriam
835 3523 1054 3575 monumenta
1077 3527 1272 3578 manserunt
1327 3526 1330 3544 ¹

225 3630 329 3698 duo:
350 3626 536 3721 sepulcrum
563 3651 666 3720 prope
683 3625 857 3718 oppidum,
879 3627 914 3691 in
940 3651 1007 3717 quo
1031 3641 1081 3694 est
1105 3628 1272 3722 sepultus3

175 3828 180 3835 ¹
223 3761 350 3819 statum
373 3749 407 3816 in
430 3746 502 3813 foro
529 3746 717 3839 Magnesiae.
743 3748 794 3813 De
823 3745 916 3837 cujus
940 3760 1047 3813 morte
1067 3746 1272 3818 multimodis

223 3866 324 3962 apud
350 3865 522 3959 plerosque
542 3866 703 3958 scriptum
723 3878 790 3950 est;
810 3864 867 3932 sed
889 3889 950 3932 nos
970 3866 1123 3934 eumdem
1144 3870 1271 3960 potissi-

223 4011 328 4057 mum
350 3983 576 4076 Thucydidem
602 3998 770 4051 auctorem
796 3985 973 4078 probamus
999 4011 1006 4052 ε
1031 3988 1089 4079 qui
1106 3985 1200 4054 illum
1225 3989 1272 4056 ait

221 4107 414 4198 Magnesiae
433 4105 550 4171 morbo
570 4118 762 4191 mortuum3
783 4129 891 4197 neque
910 4119 1008 4198 negat
1032 4105 1131 4174 fuisse
1152 4106 1272 4175 samam

224 4249 401 4295 venenum
421 4249 480 4292 sua
508 4237 626 4317 sponte
648 4225 819 4312 sumsisse,
844 4249 946 4317 quum
968 4249 1017 4312 se,
1043 4249 1116 4316 quae
1140 4228 1209 4320 regi
1232 4227 1272 4295 de

1104 4370 1123 4412 2
