3198 5174
707 569 807 623 DION.
1240 571 1275 628 51

243 689 333 757 ribus
361 688 553 781 aliquandiu
580 689 734 758 simulata
767 693 854 760 inter
882 718 940 762 eos
969 694 1113 765 amicitia
1145 699 1275 765 mansit.

244 810 423 901 Quumque
440 809 530 877 Dion
547 834 616 880 non
631 807 800 878 desisteret
818 812 990 880 obsecrare
1008 816 1220 907 Dionysium,
1239 830 1278 884 ut

244 927 412 996 Platonem
428 930 568 1014 Athenis
586 943 779 1015 arcesseret,
797 945 829 998 et
853 933 923 1023 ejus
944 932 1086 1000 consiliis
1111 949 1276 1022 uteretur;

244 1046 312 1134 ille,
327 1050 433 1140 quiin
448 1047 559 1140 aliqua
573 1072 608 1115 re
622 1047 720 1115 vellet
734 1063 860 1140 patrem
875 1051 1012 1136 imitari,
1027 1075 1152 1118 morem
1167 1054 1196 1120 ei
1212 1078 1278 1145 ges·

242 1168 298 1254 sit,
321 1165 501 1258 eodemque
527 1181 674 1260 tempore
696 1167 870 1235 Philistum
886 1166 1084 1237 historicum
1102 1163 1277 1263 Syracusas

241 1285 388 1370 reduxit,
402 1286 571 1353 hominem
584 1287 725 1354 amicum
742 1312 808 1376 nou
822 1289 926 1381 magis
944 1301 1099 1380 tyranno,
1116 1312 1216 1381 quam
1230 1306 1279 1384 ty·

242 1404 384 1473 rannidi.
405 1404 469 1473 Sed
483 1404 523 1472 de
536 1405 600 1473 hoc
617 1407 651 1472 iu
667 1429 707 1473 eo
723 1431 797 1473 meo
811 1404 896 1473 libro
910 1407 1007 1499 plura
1021 1423 1099 1475 sunt
1115 1411 1277 1502 exposita,
1374 1480 1376 1485 ,

243 1525 300 1616 qui
323 1523 365 1592 de
390 1525 552 1592 historicis
575 1526 784 1618 'conscriptus
809 1541 867 1593 est.
891 1525 986 1595 Plato
1013 1541 1124 1595 autem
1149 1542 1277 1596 tantum

236 1643 331 1736 apud
352 1633 548 1736 Dionysium
571 1645 766 1712 auctoritate
787 1646 910 1738 potuit,
933 1639 1102 1738 valuitque
1124 1646 1278 1739 eloquen-

244 1767 307 1852 tia,
322 1778 360 1832 ut
374 1766 403 1832 ei
417 1767 615 1858 persuaserit
629 1763 812 1856 tyrannidis
826 1765 932 1833 facere
946 1765 1062 1853 finem,
1080 1765 1278 1834 libertatem·
1364 1775 1367 1782 '

244 1907 307 1976 que
324 1883 460 1952 reddere
475 1885 701 1976 Syracusanis.
720 1887 830 1976 Aqua
846 1882 1016 1951 voluntate
1034 1883 1161 1953 Philisti
1175 1887 1279 1956 consi·
1389 1972 1391 1979 Ι

242 2001 287 2070 lio
306 2001 495 2088 deterritus,
514 2001 692 2094 aliquando
710 2002 877 2070 crudelior
893 2027 963 2070 esse
979 2005 1087 2095 coepit.

289 2125 352 2192 lV.
373 2123 443 2210 Qui
457 2120 591 2213 quidem
606 2146 709 2213 quum
724 2147 743 2189 a
757 2124 864 2190 Dione
879 2147 912 2190 se
926 2124 1074 2215 superari
1088 2121 1214 2198 videret
1229 2126 1277 2193 iu-

242 2242 357 2335 genio,
384 2241 598 2323 auctoritate,
622 2264 734 2307 amore
759 2239 891 2334 populi,
916 2265 1048 2328 verens,
1072 2267 1130 2326 ue,
1152 2244 1178 2309 si
1202 2268 1277 2311 eum

242 2383 354 2428 secum
381 2359 532 2445 haberet,
562 2357 707 2452 aliquam
734 2362 939 2446 occasionem
968 2362 1018 2429 sui
1045 2360 1137 2430 daret
1164 2365 1276 2456 oppri-

242 2477 372 2564 mendi,
389 2501 507 2545 navem
525 2479 554 2545 ei
572 2480 738 2546 triremem
756 2478 864 2564 dedit,
882 2505 948 2573 qua
967 2480 1165 2548 Corinthum
1184 2480 1277 2550 deve·

242 2598 391 2684 heretum
416 2595 590 2664 osteudens
617 2622 651 2665 se
680 2596 713 2664 id
744 2598 914 2690 utriusque
938 2599 1045 2667 facere
1072 2623 1187 2695 causa,
1217 2625 1275 2687 ue,

241 2742 346 2810 quum
370 2719 456 2784 inter
480 2741 514 2784 se
534 2719 705 2804 timerent,
727 2716 885 2786 alteruter
906 2716 1046 2789 alterum
1067 2743 1277 2813 praeoccupa·
1345 2729 1349 2735 ’

240 2851 299 2905 ret.
327 2837 366 2905 Id
391 2861 495 2929 quum
524 2837 648 2905 factum
673 2835 769 2905 multi
793 2837 1061 2936 indignarentur,
1085 2863 1276 2931 magnaeque

240 2972 323 3028 esset
340 2956 470 3026 invidiae
488 2971 645 3051 tyranno;
663 2958 842 3050 Dionysius
860 2957 971 3024 omnia
987 2981 1060 3049 quae
1077 2960 1201 3026 moveri
1219 2984 1276 3053 po-

241 3093 349 3148 terant
367 3079 485 3148 Dionis
506 3079 541 3145 iu
562 3103 661 3145 naves
681 3079 856 3171 imposuit,
876 3074 919 3145 ad
939 3101 1080 3169 eumque
1099 3079 1198 3148 misit.
1221 3082 1276 3148 Sic

240 3200 328 3267 enim
341 3199 520 3266 existimari
536 3195 679 3279 volebat,
694 3197 728 3264 id
742 3221 776 3265 se
791 3221 860 3263 nou
874 3195 951 3265 odio
966 3197 1122 3285 hominis,
1139 3198 1194 3266 sed
1209 3224 1275 3267 suae

240 3316 353 3387 salutis
370 3317 484 3385 fecisse
504 3340 612 3404 eausa.
631 3305 747 3383 Post'ea
764 3339 842 3382 vero
863 3339 963 3407 quam
985 3313 1126 3403 audivit,
1145 3326 1220 3384 eum
1239 3319 1273 3386 in

239 3436 466 3530 Peloponneso
488 3462 625 3505 manum
646 3439 853 3529 comparare,
874 3435 1000 3527 sibique
1023 3434 1146 3503 bellum
1168 3435 1274 3504 facere

240 3559 369 3642 conari3
401 3559 544 3644 Areten,
573 3556 691 3625 Dionis
719 3577 872 3638 uxorem,
907 3551 962 3621 alii
992 3567 1133 3645 nuptum
1166 3552 1272 3640 dedit,

239 3673 411 3768 filiumque
428 3675 498 3767 ejus
515 3676 561 3743 sic
579 3673 709 3742 educari
727 3673 836 3766 jussit,
855 3687 892 3740 ut
909 3668 1110 3765 indulgendo
1129 3675 1274 3767 turpissi-

239 3795 300 3862 mis
325 3794 529 3862 imbueretur
552 3793 796 3886 cupiditatibus.
821 3793 906 3861 Nam
930 3815 1054 3885 puero,
1079 3794 1272 3887 priusquam

164 3901 168 3908 ¹
236 3912 340 4006 pubes
354 3928 453 3997 esset,
472 3926 580 3980 scorta
598 3911 860 3998 adducebantur;
875 3913 952 3980 vino
971 3911 1139 4005 epulisque
1157 3912 1273 3980 obrue-

237 4032 352 4118 batur,
369 4056 478 4125 neque
495 4029 600 4099 ullum
621 4047 749 4124 tempus
767 4031 876 4100 sobrio
898 4031 1154 4124 relinquebatur.
1172 4034 1205 4098 Is
1222 4056 1272 4099 us·

220 4196 222 4202 -
238 4176 303 4245 que
319 4177 358 4220 eo
375 4153 450 4219 vitae
468 4165 588 4220 statum
608 4165 845 4219 commutatum
860 4151 944 4220 ferre
959 4175 1026 4219 non
1043 4152 1169 4241 potuit,
1186 4165 1271 4244 post·

1068 4271 1099 4341 l.
