3114 5032
378 517 433 574 252
640 520 693 574 In
712 517 940 574 continuum
960 517 1140 572 NEPOTEM

377 629 445 667 vcro
467 610 620 666 Lambinus
638 612 757 667 verbum
774 609 900 666 «differo
911 635 923 659 υ
941 609 1110 682 ejiciendum
1127 619 1236 678 conset,
1254 609 1328 682 quia
1350 611 1436 690 Plu-¹

375 703 463 758 lamii.
482 712 513 772 εἰς
525 712 603 782 αὔριον
617 711 650 763 τὰ
662 706 802 774 σπουδαῖα,
815 703 936 757 solemni
954 720 1004 756 suo
1016 702 1091 788 ficii.
1105 704 1263 758 Gmnnn.

414 795 478 852 Cur.
488 796 537 850 lv.
554 795 669 868 Quoque
686 795 821 850 Messena
834 795 951 850 celerius
969 796 1167 850 restitueretur.
1185 797 1346 864 Messena,
1360 795 1417 850 sive

374 889 520 957 Messene,
548 896 632 959 caput
653 886 798 942 Messeniae
820 885 850 940 in
870 887 1081 958 Peloponueso;
1102 885 1190 940 hodie
1212 887 1414 954 Mauromatr',

374 979 451 1035 vicus
464 978 625 1047 semirutus,
638 979 669 1033 in
683 997 739 1051 quo
753 977 854 1052 viginti
863 977 1042 1033 solummodo
1055 977 1191 1052 magalia,
1205 997 1308 1052 neque
1320 980 1416 1054 plures

374 1092 458 1148 quam
471 1083 583 1129 centum
603 1071 713 1128 circiter
725 1071 824 1127 incolae
838 1081 1029 1127 numerantur.

752 1255 791 1303 nt
816 1256 1027 1302 consutum.
1065 1307 1067 1312 ,

412 1420 477 1476 cir.
496 1417 545 1479 IV,
564 1417 685 1483 Boeotii,
706 1417 846 1490 ceterique
868 1434 964 1472 eorum
983 1417 1061 1474 socii
1082 1416 1197 1474 Scilicet
1219 1419 1340 1494 Argivi,
1360 1420 1412 1476 Co·

372 1511 484 1580 cinthii,
501 1510 616 1581 Euhoei,
629 1508 726 1565 Locri.

412 1605 476 1659 cir.
494 1603 558 1658 vu.
580 1603 617 1656 Ut
632 1602 712 1655 nulla
727 1600 756 1655 in
775 1617 805 1654 re
820 1597 952 1672 differret
970 1619 991 1655 a
1008 1600 1127 1672 cujusvis
1142 1602 1237 1675 rhopis
1253 1601 1411 1678 atquepri-

373 1697 435 1750 vati,
455 1693 582 1751 Subaudi
597 1695 692 1748 domo.
962 1693 964 1696 ’

412 1787 475 1842 Gar.
483 1787 562 1842 VIII.
575 1784 669 1840 Tacito
682 1785 711 1839 iu
725 1781 879 1859 AEgyptum
889 1785 964 1840 isset.
973 1786 1029 1840 Pro
1038 1808 1050 1834 a
1058 1785 1155 1841 Tacho
1167 1808 1179 1834 υ
1191 1809 1204 1836 α
1214 1785 1408 1842 Nectenabo»

372 1878 412 1932 ait
429 1880 565 1952 Polym„
585 1877 636 1932 lib.
655 1897 698 1947 11,
712 1877 743 1932 in
761 1879 870 1951 Agesil:
889 1877 994 1934 Comm.
1010 1895 1058 1932 aa.

412 1973 492 2026 m·
504 1971 628 2043 cyrenas
647 1980 677 2024 ee
692 1967 855 2046 AEgypturra
866 1971 997 2044 queue,
1015 1987 1062 2024 seu
1077 1970 1202 2044 Cyrene,
1220 1983 1312 2046 capnt
1324 1971 1405 2047 Cyre·
1514 2043 1521 2052 ,Ι

372 2061 459 2120 naicoe
476 2063 506 2118 in
519 2062 629 2132 Africa3
647 2062 733 2118 hodie
751 2062 860 2133 (ἴηνα,
878 2079 966 2135 pagus
983 2062 1085 2116 Barcae.

769 2259 806 2306 IN
830 2259 1012 2305 ΕΙΓΜΕΝΕΜ.

410 2419 473 2474 Cir,
493 2419 517 2475 1.
532 2419 690 2484 Braneues,
710 2415 876 2472 Corduenus
895 2416 970 2469 Bene
991 2414 1182 2487 «CardIanus,
1198 2440 1211 2466 u
1225 2435 1282 2473 nec
1300 2414 1401 2474 admit·

370 2508 501 2578 tendum,
516 2509 593 2583 quod
614 2509 663 2564 alii
681 2506 785 2579 velint,
804 2506 1015 2563 «Sardianus»
1037 2506 1084 2562 Sic
1105 2509 1181 2564 enim
1199 2509 1291 2566 hahet
1309 2518 1402 2566 auctor
1498 2511 1508 2585 ζ,

369 2601 542 2657 scholiorum
561 2601 592 2656 in
613 2599 810 2673 Aristophanis
828 2602 898 2654 Aves
915 2618 924 2652 ὃ
942 2602 1044 2676 Kapdia
1062 2609 1130 2669 note
1147 2603 1259 2680 eptem,
1275 2607 1305 2671 ’ἧς
1323 2611 1344 2663 οἱ
1361 2615 1400 2659 πό·
1503 2611 1521 2672 ,’

369 2704 435 2755 lirul
449 2697 594 2771 Καρδιανοί.

407 2785 716 2842 Cu.vl11.1³er1oea
732 2786 803 2840 solo.
819 2785 843 2839 Ι.
858 2803 898 2853 e.‚
914 2783 1034 2840 deserta.
1050 2784 1160 2840 Eodem
1177 2803 1260 2841 sensu
1275 2789 1399 2854 Sallust,
1499 2757 1515 2804 η’

367 2877 498 2950 Iugurth.
508 2896 518 2930 .·
527 2879 618 2933 «Cum
628 2875 766 2950 expeditis
778 2876 944 2932 cohortibus
958 2885 986 2931 et
998 2886 1078 2949 parte
1091 2877 1229 2950 equitatus
1242 2877 1399 2953 proficisci-

367 2979 414 3024 tur
430 2969 460 3023 in
475 2969 537 3024 loca
557 2971 626 3024 sola.
644 2991 656 3018 »

407 3061 471 3113 Cur.
499 3060 552 3115 XI.
577 3062 670 3132 Quam
679 3059 778 3134 figura
794 3070 920 3116 venusta.
939 3063 1025 3118 Forte
1046 3080 1105 3117 non
1125 3061 1268 3120 immerito
1297 3059 1397 3119 diueris

366 3151 414 3206 hic
431 3152 562 3206 laborare
579 3162 702 3221 textum,
721 3152 826 3226 quippe
843 3152 893 3226 qui
913 3171 948 3209 eo
967 3154 999 3209 in
1018 3155 1083 3209 loco
1102 3155 1175 3209 male
1193 3156 1335 3213 cohaerere
1355 3152 1396 3206 ri-

366 3245 474 3301 deatur.
490 3243 567 3313 Quid
576 3243 650 3299 enim
664 3245 707 3301 his
720 3246 749 3300 in
763 3244 880 3300 vocibus
894 3269 906 3296 n
918 3245 1055 3319 dignitate
1073 3248 1206 3316 honesta,
1222 3271 1234 3298 n
1249 3259 1276 3304 et
1287 3275 1300 3300 «
1312 3247 1395 3321 figura

365 3331 506 3394 venusta»
523 3336 621 3393 videre
635 3349 690 3408 est,
710 3355 768 3412 qno
783 3333 963 3393 confirmetur
980 3338 1011 3394 id
1027 3338 1103 3414 quod
1121 3339 1261 3396 Eumenes
1278 3341 1316 3397 de
1335 3338 1392 3394 vir-

365 3439 424 3485 tute
437 3447 487 3486 sua
498 3427 666 3504 profitetur?

743 3616 780 3662 IN
804 3615 1019 3664 Phocionem.

405 3776 468 3830 Cir.
478 3777 528 3831 111.
546 3774 667 3830 Causam
681 3777 761 3848 apud
774 3775 938 3850 Philippum
954 3793 1056 3849 regem.
1075 3775 1238 3850 Philippum
1251 3775 1382 3832 Aridaeum

365 3853 503 3942 intellige,
522 3867 585 3941 qui,
598 3878 711 3923 mortuo
725 3867 889 3923 Alexandro
898 3870 1022 3941 Magno,
1035 3885 1085 3922 rex
1098 3868 1151 3922 fuit
1164 3868 1313 3923 institutus.
1326 3867 1384 3922 Ma-

364 3962 433 4016 ritus
446 3971 506 4016 erat
522 3959 688 4034 Eurydices,
708 3979 792 4034 quam
811 3977 897 4033 penes
916 3960 1042 4032 aliosque
1056 3960 1211 4017 monitores
1226 3961 1268 4017 vis
1281 3962 1334 4017 tuit
1346 3965 1385 4010 al-

305 4083 307 4088 ·
365 4071 420 4126 que
441 4051 606 4125 imperium,
628 4053 759 4126 Philippo
778 4053 848 4108 nihil
868 4051 945 4108 aliud
962 4050 1017 4106 nisi
1034 4050 1106 4124 regii
1124 4053 1249 4108 nominis
1265 4054 1386 4108 umbram

366 4145 479 4200 sibimet
494 4156 631 4200 servante.

1512 3082 1522 3139 l.

1507 3173 1526 3236 Q

1506 3275 1526 3331 nl

1488 3354 1515 3420 la.

1487 3457 1524 3518 tp,-

1487 3558 1516 3627 Qil

1493 3062 1504 3124 'a

1495 3164 1506 3221 i

1491 3257 1505 3315 t

1487 3716 1526 3796 'lu

1478 4139 1519 4231 lli
