3168 5048
629 784 766 854 XVIII.

521 1107 886 1214 nnnnnns,
942 1053 952 1074 ’
1042 1107 1045 1114 ·

626 1495 778 1514 u*-

191 1741 399 1883 Emamm,
421 1794 614 1868 Cardianus.
633 1797 741 1888 Hujus
764 1797 791 1864 si
811 1797 927 1867 virtuti
950 1820 1012 1892 par
1036 1800 1113 1870 data
1127 1815 1218 1872 'esset

191 1914 338 1999 fortuna,
355 1939 422 1982 non
440 1912 496 1982 ille
507 1914 644 2006 quidem
658 1915 777 2008 major,
796 1915 853 1983 sed
865 1916 972 1987 multo
983 1907 1156 2006 illustrior,
1170 1934 1219 1989 at·

192 2057 256 2126 que
268 2035 365 2102 etiam
379 2032 592 2119 honoratior3
608 2030 697 2125 quod
710 2058 847 2127 magnos
857 2036 1005 2105 homines
1017 2040 1139 2107 virtute
1153 2063 1219 2107 me-

191 2154 313 2241 timur,
330 2177 397 2220 non
418 2135 560 2220 fortuna.
584 2153 672 2234 ¹Nam
692 2177 794 2245 quum
812 2168 888 2222 aetas
907 2156 978 2247 ejus
997 2157 1166 2227 incidisset
1184 2157 1219 2226 in

192 2295 231 2339 ea
250 2285 399 2363 tempora
416 2271 535 2362 quibus
551 2266 751 2340 Macedones
768 2270 939 2361 florerent,
958 2272 1100 2342 multum
1117 2277 1148 2342 ei
1163 2275 1221 2343 de·

84 2458 86 2462 ,
194 2389 294 2456 traxit
314 2390 401 2457 inter
418 2390 478 2458 hos
494 2390 636 2476 viventi,
653 2389 742 2482 quod
760 2389 872 2458 alienae
889 2405 960 2459 arat
977 2393 1141 2479 civitatis3
1161 2418 1221 2461 ne-

194 2532 259 2600 que
274 2507 365 2576 aliud
381 2508 459 2576 huie
476 2507 580 2577 defuit
595 2531 694 2602 quam
712 2533 866 2603 generosa
883 2511 991 2603 stirps.
1010 2511 1080 2579 Etsi
1098 2508 1152 2578 ille
1164 2509 1222 2578 do-

194 2628 331 2696 mestico
349 2653 479 2697 summo
493 2651 611 2720 genere
620 2641 708 2712 erat,
726 2641 835 2696 tamen
853 2628 1050 2698 Macedones
1068 2653 1144 2698 eum
1160 2630 1222 2698 sibi

195 2745 372 2840 aliquando
388 2749 544 2841 anteponi
565 2747 699 2841 indigne
716 2731 881 2833 ferebant3
900 2772 1006 2840 neque
1028 2764 1139 2817 tamen
1155 2773 1222 2832 non

195 2869 404 2958 patiebantur
420 2893 428 2936 ε
443 2867 596 2936 vincebat
611 2867 700 2936 enim
717 2891 832 2936 omnes
851 2889 951 2952 cura,
966 2865 1150 2962 vigilantia,
1165 2891 1224 2962 pa·

197 2988 325 3074 tientia,
345 2985 538 3073 calliditate,
557 3001 591 3054 et
608 2984 773 3055 celeritate
796 2987 931 3080 ingenii.
956 2987 1018 3055 Hic
1039 2986 1242 3081 peradoles··

196 3105 345 3174 eentqus
368 3105 411 3174 ad
432 3106 611 3174 amicitiam
632 3106 767 3174 accessit
789 3103 949 3198 Philippi,
970 3109 1120 3199 Amynta*
1144 3105 1223 3194 filii,

196 3227 353 3320 brevique
381 3239 528 3319 tempore
558 3225 593 3292 in
617 3225 767 3292 intimam
789 3226 938 3316 pervenit
958 3224 1222 3294 familiaritatem.

197 3344 356 3439 Fulgebat
367 3346 454 3413 enim
463 3345 532 3437 jam
550 3345 584 3412 in
602 3340 848 3412 adolescentulo
863 3341 989 3411 indoles
1004 3344 1147 3411 virtutis.
1159 3345 1227 3411 Ita·

127 3501 129 3508 ι
198 3489 263 3555 que
286 3488 361 3532 eum
374 3457 503 3531 ''iiabuit
528 3462 579 3544 ad
598 3486 732 3530 manum
754 3461 868 3529 scribo
889 3460 980 3546 Ioco;
1008 3461 1098 3552 quod
1121 3460 1226 3530 multo

197 3581 287 3674 apud
313 3577 443 3649 Graios·
453 3579 724 3650 honorificentius
741 3593 791 3648 est
814 3603 914 3672 quam
936 3578 1025 3672 apud
1047 3582 1226 3650 Romanoa.

198 3703 287 3768 Nam
311 3696 399 3792 apud
423 3723 483 3767 nos
507 3721 640 3782 revera,
662 3699 747 3766 sicut
772 3713 868 3785 sunt,
895 3699 1088 3766 mercenarii
1113 3700 1228 3767 scribae

145 3799 147 3804 ¹
198 3820 447 3905 existimantur3
470 3832 504 3886 at
529 3817 617 3911 apud
638 3814 711 3886 illos
738 3819 904 3886 contrario
924 3841 1021 3885 nemo
1037 3815 1080 3887 ad
1102 3817 1136 3885 id
1156 3816 1229 3884 offi-

199 3939 287 4006 cium
303 3937 508 4025 admittitur,
527 3938 590 4005 nisi
605 3937 745 4005 honesto
759 3935 849 4021 Ioco,
863 3951 895 4006 et
907 3931 1067 4006 industria
1083 3937 1239 4029 cognita,·

201 4057 289 4148 quod
308 4081 440 4126 necesse
457 4072 507 4125 est
524 4057 674 4124 omnium
694 4055 906 4125 consIIiorum
924 4079 1000 4142 eum
1015 4079 1085 4124 esse
1099 4055 1232 4149 partici-
