3198 5174
263 345 266 356 ’
346 409 384 449 20
574 389 749 446 murtam
769 391 925 448 unrorn
944 391 1151 450 annutans.

394 519 438 586 II.
459 514 553 584 Idem
575 530 696 608 pretor
717 515 781 584 luit
803 516 1054 588 Atheniensium
1077 516 1163 612 apud
1183 517 1319 588 Plataeas
1343 519 1376 586 iu

348 633 485 730 proelio,
501 659 569 728 quo
580 634 776 703 Mardonius
792 634 898 722 lusus,
917 637 1199 732 barbarorumque
1216 638 1380 706 exercitus

347 752 541 824 interfectus
558 767 618 822 est.
640 754 757 848 Neque
777 752 867 824 aliud
884 769 934 824 est
950 753 1055 826 ullum
1077 756 1175 850 hujus
1187 758 1227 836 in
1245 781 1281 824 re
1298 754 1382 824 mili·

348 873 413 942 tari
430 871 556 942 illustre
574 873 713 960 lactum,
731 897 831 968 quam
853 873 952 967 hujus
970 875 1100 968 imperii
1118 875 1297 961 memoria3
1313 875 1382 969 jus·

349 993 431 1061 titiae
445 1017 525 1062 vero
540 1007 574 1062 et
589 993 753 1086 requitatis
773 1007 807 1060 et
830 994 1045 1082 innocentiae,
1061 994 1175 1063 multa.
1193 998 1233 1063 In
1251 996 1381 1089 primis,

349 1111 440 1206 quod
455 1113 526 1207 ejus
540 1113 694 1207 aequitate
707 1110 831 1180 factum
846 1127 910 1200 est,
928 1137 1031 1206 quum
1048 1113 1082 1180 in
1095 1115 1264 1184 communi
1280 1113 1382 1184 classe

349 1246 435 1300 esset
448 1232 587 1302 Graeciae
607 1226 704 1299 simul
720 1255 796 1299 cum
811 1233 990 1319 Pausania,
1006 1257 1073 1324 quo
1089 1230 1173 1301 duce
1188 1232 1382 1302 Mardonius

350 1367 423 1422 erat
445 1351 596 1446 fugatus,
613 1364 651 1416 ut
672 1374 800 1419 summa
819 1351 950 1444 imperii
968 1351 1126 1419 maritimi
1142 1375 1161 1420 a
1178 1350 1383 1421 lacedaemo-

350 1472 415 1540 niis
433 1469 666 1538 transferretur
684 1468 727 1537 ad
743 1469 957 1539 Athenienses
969 1495 977 1538 ε
987 1495 1145 1563 namque,
1160 1486 1237 1541 ante
1253 1471 1287 1540 id
1302 1487 1384 1540 tem-

351 1615 429 1684 pus,
446 1603 479 1658 et
493 1589 576 1657 mari
593 1604 628 1657 et
645 1602 733 1658 terra
746 1587 847 1658 duces
862 1603 957 1657 erant
972 1590 1225 1676 Lacedaemonii3
1241 1605 1309 1658 trun
1329 1613 1384 1658 au·

352 1724 419 1779 tem
450 1723 484 1778 et
508 1709 761 1802 intemperantia
783 1710 966 1797 Pausaniae,
987 1724 1021 1778 et
1045 1711 1173 1802 justitia
1192 1709 1315 1778 factum
1335 1723 1385 1777 est

352 1825 523 1915 Aristidis,
547 1842 584 1896 ut
600 1851 716 1897 omues
734 1827 802 1897 fere
820 1829 969 1897 civitates
989 1829 1125 1897 Graecite
1143 1829 1186 1897 ad
1209 1829 1386 1898 Athenien-

353 1951 440 2019 sium
454 1949 645 2018 societatem
657 1972 691 2016 se
706 1947 932 2041 applicarent,
942 1963 975 2017 et
986 1947 1142 2016 adversus
1155 1948 1313 2018 barbaros
1326 1948 1386 2016 hos

354 2068 454 2139 duces
475 2065 659 2162 deligerent
683 2063 758 2154 sibi,
775 2091 842 2160 quo
865 2066 994 2136 facilius
1011 2064 1226 2159 repellerent,
1253 2069 1280 2135 si
1303 2067 1387 2134 forte

354 2189 480 2260 bellum
496 2211 655 2258 renovare
676 2202 884 2256 conarentur.
950 2261 952 2266 ,

403 2313 464 2380 ΙΙΙ.
480 2307 534 2377 Ad
560 2308 680 2378 classes
706 2305 928 2393 aedificandas,
946 2307 1172 2402 exercitusque
1197 2330 1390 2401 comparan-

356 2431 431 2519 dos,
448 2445 611 2524 quantum
635 2428 782 2522 pecuniae
801 2451 941 2519 quaeque
958 2427 1072 2496 civitas
1096 2427 1207 2515 daret,
1230 2425 1390 2498 Aristides

356 2551 504 2620 delectus
522 2547 645 2639 estqui
664 2546 889 2614 constitueret.
911 2549 992 2639 Ejus
1010 2546 1148 2614 arbitrio
1165 2546 1391 2640 quadringena

358 2684 392 2740 et
417 2691 578 2762 sexagena
604 2665 726 2734 talenta
745 2665 924 2758 quotannis
948 2665 1070 2735 Delum
1095 2681 1175 2735 sunt
1199 2665 1328 2736 collata.
1352 2665 1392 2735 Id

358 2791 447 2858 enim
468 2785 643 2856 commune
662 2787 896 2856 aerariumesse
912 2783 1100 2856 voluerunt.
1118 2789 1201 2874 Quae
1219 2789 1325 2857 onmis
1340 2812 1393 2882 pe·

360 2910 458 2978 cunia
481 2921 614 3001 postero
633 2919 781 2999 ternpore
805 2906 951 2974 Athenas
976 2903 1132 2974 translata
1157 2921 1215 2975 est.
1242 2909 1304 2998 Hic
1328 2933 1394 3000 qua

359 3028 459 3097 fuerit
490 3025 702 3111 abstinentia,
727 3022 856 3093 nullum
877 3039 927 3092 est
950 3025 1071 3093 certius
1097 3025 1270 3114 indicium,
1293 3046 1394 3119 quam

361 3146 468 3242 quod,
485 3169 590 3239 quum
601 3149 701 3214 tantis
711 3145 810 3213 rebus
826 3144 1022 3238 praefuisset,
1039 3146 1074 3212 in
1092 3160 1184 3214 tanta
1199 3160 1394 3240 paupertate

361 3268 515 3354 decessit,
536 3280 588 3352 ut,
609 3265 667 3358 qui
684 3263 872 3352 efferretur,
890 3265 946 3331 vix
969 3262 1149 3356 reliquerit.
1166 3265 1245 3352 Quo
1271 3264 1393 3334 factum

360 3403 425 3470 est,
442 3402 481 3456 ut
500 3384 575 3454 filiae
593 3385 663 3476 ejus
679 3382 813 3477 publice
826 3381 1007 3471 alerentur,
1029 3396 1061 3451 et
1077 3383 1118 3452 de
1133 3386 1301 3452 communi
1315 3409 1394 3473 aera·

363 3508 413 3575 rio
430 3506 562 3575 dotibus
576 3505 661 3573 datis
675 3501 926 3572 collocarentur.
945 3503 1095 3570 Decessit
1109 3517 1221 3571 autem
1233 3504 1302 3572 fere
1322 3518 1394 3598 post

362 3650 487 3696 annum
511 3640 683 3717 quartum,
710 3646 809 3715 quam
832 3619 1069 3690 Themistocles
1090 3622 1227 3691 Athenis
1252 3637 1323 3693 erat
1345 3647 1395 3690 ex·

363 3745 487 3841 pulsus.
574 3827 590 3836 ..

765 3923 1041 3947 ..a-*—
