3198 5174
516 1238 971 1347 TIMOTHEUS.

224 1930 472 2073 Truoruuus,
487 1987 633 2056 Cononis
648 1985 749 2074 filius,
762 1988 979 2057 Atheniensis.
995 1991 1055 2057 Hic
1070 2014 1090 2059 a
1103 2003 1197 2084 patre
1213 2015 1262 2059 ac·

224 2120 353 2199 ceptam
377 2103 515 2200 gloriam
540 2104 652 2174 multis
676 2107 767 2175 auxit
788 2108 976 2177 virtutibus.
1001 2110 1077 2178 Fuit
1098 2111 1185 2177 enim
1212 2108 1261 2177 di-

225 2239 348 2312 sertus,
367 2225 518 2319 impiger,
540 2223 738 2313 laboriosus,
759 2227 807 2293 rei
827 2224 976 2296 militaris
993 2229 1134 2320 peritus,
1155 2253 1262 2321 neque
1323 2265 1326 2272 ·

223 2345 332 2412 minus
347 2345 486 2412 civitatis
499 2344 658 2438 regendae.
672 2343 780 2413 Multa
793 2345 892 2439 hujus
905 2359 982 2415 sunt
994 2344 1148 2441 praeclare
1160 2346 1261 2436 facta,

223 2463 279 2532 sed
300 2464 369 2531 haeo
389 2465 530 2532 maxime
553 2462 702 2533 illustria.
727 2462 903 2558 Olynthios
926 2480 958 2533 et
977 2467 1151 2560 Byzantios
1174 2465 1262 2536 bello

223 2584 361 2679 subegit.
388 2588 523 2653 Samum
547 2585 633 2678 cepit
656 2609 664 2651 ε
687 2585 721 2652 in
743 2609 809 2677 qua
831 2585 1070 2679 oppugnanda,
1092 2587 1261 2679 superiore
1345 2634 1348 2640 -

222 2702 325 2792 bello,
344 2705 560 2773 Athenienses
578 2702 668 2772 mille
689 2718 722 2774 et
744 2704 887 2773 ducenta
906 2703 1030 2774 talenta
1050 2729 1261 2799 consumpse·

222 2838 309 2892 rant.
332 2822 373 2892 Id
397 2823 453 2891 ille
475 2824 544 2891 sine
562 2821 630 2892 ulla
647 2823 780 2919 publica
801 2826 948 2918 impensa
964 2823 1260 2919 populorestituit.

142 2959 147 2965 '
221 2943 407 3013 Adversum
424 2947 543 3036 Cotym
557 2941 642 3012 bella
657 2945 773 3038 gessit,
787 2944 830 3013 ab
847 2968 951 3037 eoque
968 2941 1057 3012 mille
1074 2957 1107 3012 et
1121 2943 1263 3011 ducenta

222 3061 347 3131 talenta
367 3063 484 3156 praedae
509 3065 544 3131 in
569 3061 739 3157 publicum
765 3063 886 3132 retulit.
913 3064 1067 3157 Cyzicum
1091 3063 1262 3140 obsidione

221 3180 388 3250 liberavit,
408 3182 624 3252 Ariobarzani
646 3181 743 3251 simul
768 3208 843 3251 cum
863 3181 1014 3277 Agesilao
1037 3181 1160 3250 auxilio
1184 3206 1263 3276 pro·

221 3299 327 3370 lectus
339 3317 398 3369 est.
418 3301 447 3367 A
461 3327 528 3395 quo
542 3328 646 3395 quum
661 3306 750 3371 Laco
766 3303 940 3396 pecuniam
954 3317 1158 3370 numeratam
1172 3326 1263 3370 acce-

222 3422 341 3515 pisset,
360 3418 415 3488 ille
433 3421 519 3490 cives
537 3447 613 3490 suos
630 3447 711 3516 agro
729 3436 828 3514 atque
847 3421 983 3489 urbibus
1001 3422 1114 3516 augeri
1127 3418 1262 3506 maluit,

222 3565 324 3633 quam
343 3539 377 3608 id
394 3564 541 3628 sumere,
559 3541 653 3633 cujus
670 3556 796 3636 partem
814 3541 952 3610 domum
973 3564 1066 3608 suam
1083 3540 1168 3608 ferre
1186 3563 1262 3634 pos·

221 3674 280 3728 set.
299 3662 416 3751 Itaque
432 3661 559 3754 accepit
576 3660 749 3729 Crithoten
767 3675 799 3729 et
817 3663 957 3729 Sestum.

270 3780 313 3846 Π.
340 3777 448 3866 Idem,
467 3777 561 3847 classi
579 3779 771 3874 praefectus,
794 3778 1043 3848 circumvehens
1062 3776 1265 3872 Peloponne-

221 3921 313 3984 sum,
328 3898 527 3966 Laconicam
540 3896 735 3993 populatus,
750 3898 886 3968 classem
901 3923 1017 3967 eorum
1031 3897 1167 3993 fugavit.
1181 3900 1263 3966 Cor-

219 4015 420 4108 cyramsub
448 4018 623 4112 imperium
646 4019 897 4088 Atheniensium
923 4019 1066 4114 redegit;
1095 4017 1264 4108 sociosque

220 4134 308 4203 idem
323 4135 473 4228 adjunxit
486 4139 657 4232 Epirotas,
671 4139 887 4227 Athamanas,
903 4138 1070 4226 Chaonas,
1085 4159 1263 4226 omnesque
