3198 5174
724 897 791 961 ΙΙΙ.

550 1153 961 1325 laisriuss.

696 1617 830 1634 ι*-

243 1860 470 2003 Amsrmns,
487 1919 674 2011 Lysimachi
692 1917 796 2007 lilius,
816 1918 1041 2004 Atheniensis,
1058 1918 1191 2011 aequalis
1204 1920 1272 1988 sere

239 2037 304 2106 fuit
323 2039 535 2106 Themistocli
557 2040 693 2130 :itaque
714 2062 790 2106 cum
810 2062 849 2104 eo
871 2036 912 2105 de
931 2040 1120 2131 principatu
1137 2054 1272 2108 conten·

238 2157 304 2237 dit;
323 2178 466 2250 namque
484 2157 714 2224 obtrectarunt
739 2157 824 2222 inter
840 2180 883 2222 se.
905 2158 945 2223 In
967 2158 1017 2224 his
1032 2173 1142 2226 autem
1159 2161 1272 2251 cogni·

239 2292 310 2346 tum
319 2291 387 2363 est,
405 2291 529 2367 quanto
547 2277 719 2344 antistaret
735 2272 924 2366 eloquentia
940 2254 1155 2344 innocentia:
1169 2301 1271 2369 quan·

238 2420 339 2488 quam
349 2397 437 2462 enim
446 2394 527 2462 adeo
542 2391 722 2461 excellebat
736 2393 896 2462 Aristides
907 2393 1119 2480 abstinentia,
1134 2409 1170 2462 ut
1183 2414 1269 2466 unu's

236 2529 314 2608 post
328 2499 500 2584 bominum
517 2513 726 2596 memoriam,
738 2513 827 2603 quod
840 2511 974 2603 quidem
985 2537 1045 2580 nos
1055 2512 1267 2601 audierimus,

235 2634 435 2726 cognomine
454 2636 565 2701 Justus
586 2632 627 2699 sit
646 2628 846 2724 appellatus,
866 2645 991 2717 tamen,
1011 2657 1030 2700 a
1048 2632 1267 2702 Themistocle

231 2751 488 2837 collabefactus,
506 2750 625 2820 testula
647 2750 717 2834 illa,
733 2748 848 2818 exsilio
867 2750 981 2819 decem
1000 2775 1164 2821 annorum
1183 2754 1268 2823 mul·

232 2885 322 2940 tatus
339 2885 398 2940 est.
421 2873 490 2958 Qui
512 2869 647 2964 quidem
664 2895 768 2962 quum
784 2869 1002 2964 intelligeret,
1027 2873 1164 2964 reprimi
1189 2897 1267 2940 eon·

228 2993 367 3060 citatam
380 2989 629 3062 multitudinem
648 3014 714 3059 non
731 3014 840 3083 posse,
855 2969 1040 3084 cedensque
1059 2992 1264 3062 animadver-

228 3125 318 3178 teret
336 3109 513 3203 quemdam
535 3110 748 3193 scribentem,
773 3124 810 3177 ut
831 3110 938 3201 patria
961 3108 1153 3202 pelleretur;
1179 3137 1265 3204 quoe-

226 3231 311 3296 sisse
326 3229 368 3295 ab
384 3253 424 3297 eo
441 3228 576 3315 dicitur,
594 3252 695 3320 quare
711 3228 745 3295 id
768 3228 906 3314 faceret,
928 3241 985 3296 aut
1003 3227 1083 3320 quid
1103 3231 1264 3300 Aristides

225 3349 462 3435 commisisset,
479 3374 539 3418 cur
560 3362 652 3416 tanta
667 3373 764 3442 poena
782 3348 901 3442 dignus
915 3347 1109 3418 duceretur?
1123 3352 1187 3418 Cui
1209 3350 1263 3419 ille

224 3467 414 3561 respondit,
432 3493 466 3536 se
485 3470 638 3562 ignorare
654 3466 855 3552 Aristidem3
875 3466 932 3537 sed
946 3467 1007 3536 sibi
1027 3492 1094 3535 non
1113 3466 1261 3562 placere,

223 3585 318 3680 quod
338 3600 405 3655 tam
425 3587 544 3680 cupide
564 3585 776 3672 elaborasset,
798 3600 836 3653 ut
859 3600 978 3679 praeter
997 3600 1123 3655 ceteros
1148 3590 1261 3657 Justus

221 3687 459 3798 ap'pellaretur.
476 3706 540 3775 Hic
556 3705 670 3775 decem
680 3730 843 3774 annorum
855 3703 1037 3799 legitimam
1052 3731 1182 3800 poenam
1193 3734 1260 3777 non

221 3821 366 3918 pertulit
383 3848 390 3890 :
410 3847 487 3891 uam
503 3839 678 3917 postquam
691 3828 815 3892 Xerxes
832 3825 867 3892 in
886 3826 1051 3896 Graeeiam
1072 3826 1260 3913 descendit,

221 3957 319 4012 sexto
339 3942 407 4010 sere
426 3967 531 4031 anno,
548 3969 648 4037 quam
669 3959 738 4014 erat
754 3943 923 4039 expulsus,
938 3945 1138 4039 populiscitu
1153 3950 1187 4016 in
1203 3973 1260 4042 pa-

220 4063 323 4133 triam
339 4062 512 4130 restitutus
531 4078 589 4130 est.
607 4064 762 4132 Interfuit
781 4079 891 4132 autem
909 4037 1153 4158 pugnae..navali
1171 4071 1260 4160 apud

219 4179 404 4266 Salamina,
424 4205 497 4273 quae
516 4180 603 4250 facta
625 4197 675 4250 est
697 4184 788 4275 prius
815 4209 914 4276 quam
934 4208 1029 4276 poena
1051 4184 1256 4256 liberaretur.

1080 4331 1110 4372 2.
