<?xml version="1.0" encoding="UTF-8"?>
<!DOCTYPE html PUBLIC "-//W3C//DTD XHTML 1.0 Transitional//EN"
    "http://www.w3.org/TR/xhtml1/DTD/xhtml1-transitional.dtd">
<html xmlns="http://www.w3.org/1999/xhtml" xml:lang="en" lang="en">
 <head>
  <title>
</title>
<meta http-equiv="Content-Type" content="text/html;charset=utf-8" />
  <meta name='ocr-system' content='tesseract 3.04.00' />
  <meta name='ocr-capabilities' content='ocr_page ocr_carea ocr_par ocr_line ocrx_word'/>
</head>
<body>
  <div class='ocr_page' id='page_1' title='image "./corneliinepotio00nepogoog_0049.png"; bbox 0 0 3198 5174; ppageno 0'>
   <div class='ocr_carea' id='block_1_1' title="bbox 336 493 1108 558">
    <p class='ocr_par' dir='ltr' id='par_1_1' title="bbox 336 493 1108 558">
     <span class='ocr_line' id='line_1_1' title="bbox 336 493 1108 558; baseline 0.006 -8"><span class='ocrx_word' id='word_1_1' title='bbox 336 493 377 551; x_wconf 69' lang='lat' dir='ltr'><strong>ab</strong></span> <span class='ocrx_word' id='word_1_2' title='bbox 606 499 783 555; x_wconf 78' lang='lat' dir='ltr'>CORNELII</span> <span class='ocrx_word' id='word_1_3' title='bbox 801 499 956 557; x_wconf 84' lang='lat' dir='ltr'><strong>NEPOTlS</strong></span> <span class='ocrx_word' id='word_1_4' title='bbox 980 500 1108 558; x_wconf 70' lang='lat' dir='ltr'><strong>cimon.</strong></span> 
     </span>
    </p>
   </div>
   <div class='ocr_carea' id='block_1_2' title="bbox 339 620 1376 1532">
    <p class='ocr_par' dir='ltr' id='par_1_2' title="bbox 339 620 1376 1532">
     <span class='ocr_line' id='line_1_2' title="bbox 339 620 1376 720; baseline 0.006 -31"><span class='ocrx_word' id='word_1_5' title='bbox 339 646 439 715; x_wconf 88' lang='lat' dir='ltr'><strong>quam</strong></span> <span class='ocrx_word' id='word_1_6' title='bbox 456 620 610 716; x_wconf 85' lang='lat' dir='ltr'><strong>expulsus</strong></span> <span class='ocrx_word' id='word_1_7' title='bbox 627 639 713 711; x_wconf 86' lang='lat' dir='ltr'><strong>erat,</strong></span> <span class='ocrx_word' id='word_1_8' title='bbox 725 625 760 692; x_wconf 90' lang='lat' dir='ltr'><strong>in</strong></span> <span class='ocrx_word' id='word_1_9' title='bbox 778 625 918 718; x_wconf 85' lang='lat' dir='ltr'><strong>patriam</strong></span> <span class='ocrx_word' id='word_1_10' title='bbox 935 640 1108 694; x_wconf 86' lang='lat' dir='ltr'><strong>revocatus</strong></span> <span class='ocrx_word' id='word_1_11' title='bbox 1118 641 1176 695; x_wconf 91' lang='lat' dir='ltr'><strong>cst.</strong></span> <span class='ocrx_word' id='word_1_12' title='bbox 1189 625 1268 711; x_wconf 85' lang='lat' dir='ltr'><strong>Ille,</strong></span> <span class='ocrx_word' id='word_1_13' title='bbox 1283 627 1376 720; x_wconf 90' lang='lat' dir='ltr'><strong>quod</strong></span> 
     </span>
     <span class='ocr_line' id='line_1_3' title="bbox 339 740 1374 834; baseline 0.006 -25"><span class='ocrx_word' id='word_1_14' title='bbox 339 741 485 834; x_wconf 88' lang='lat' dir='ltr'><strong>hospitio</strong></span> <span class='ocrx_word' id='word_1_15' title='bbox 502 740 829 812; x_wconf 71' lang='lat' dir='ltr'><strong>lacedaemoniorum</strong></span> <span class='ocrx_word' id='word_1_16' title='bbox 852 745 1023 832; x_wconf 87' lang='lat' dir='ltr'><strong>utebatur,</strong></span> <span class='ocrx_word' id='word_1_17' title='bbox 1046 746 1147 812; x_wconf 89' lang='lat' dir='ltr'><strong>satius</strong></span> <span class='ocrx_word' id='word_1_18' title='bbox 1169 745 1374 828; x_wconf 85' lang='lat' dir='ltr'><strong>existimans,</strong></span> 
     </span>
     <span class='ocr_line' id='line_1_4' title="bbox 341 860 1376 959; baseline 0.005 -29"><span class='ocrx_word' id='word_1_19' title='bbox 341 860 542 931; x_wconf 78' lang='lat' dir='ltr'>contendere</span> <span class='ocrx_word' id='word_1_20' title='bbox 557 862 842 950; x_wconf 81' lang='lat' dir='ltr'><strong>Lacedoemonem,</strong></span> <span class='ocrx_word' id='word_1_21' title='bbox 855 888 914 932; x_wconf 86' lang='lat' dir='ltr'><strong>sua</strong></span> <span class='ocrx_word' id='word_1_22' title='bbox 926 878 1044 956; x_wconf 88' lang='lat' dir='ltr'><strong>sponte</strong></span> <span class='ocrx_word' id='word_1_23' title='bbox 1060 879 1109 933; x_wconf 89' lang='lat' dir='ltr'><strong>est</strong></span> <span class='ocrx_word' id='word_1_24' title='bbox 1124 864 1305 957; x_wconf 86' lang='lat' dir='ltr'><strong>profectus,</strong></span> <span class='ocrx_word' id='word_1_25' title='bbox 1318 891 1376 959; x_wconf 85' lang='lat' dir='ltr'><strong>pa-</strong></span> 
     </span>
     <span class='ocr_line' id='line_1_5' title="bbox 341 981 1371 1076; baseline 0.002 -26"><span class='ocrx_word' id='word_1_26' title='bbox 341 1006 479 1075; x_wconf 90' lang='lat' dir='ltr'><strong>cemque</strong></span> <span class='ocrx_word' id='word_1_27' title='bbox 504 982 591 1052; x_wconf 89' lang='lat' dir='ltr'><strong>inter</strong></span> <span class='ocrx_word' id='word_1_28' title='bbox 616 981 699 1052; x_wconf 86' lang='lat' dir='ltr'><strong>duas</strong></span> <span class='ocrx_word' id='word_1_29' title='bbox 724 982 966 1076; x_wconf 85' lang='lat' dir='ltr'><strong>potentissimas</strong></span> <span class='ocrx_word' id='word_1_30' title='bbox 996 982 1147 1052; x_wconf 81' lang='lat' dir='ltr'><strong>civitates</strong></span> <span class='ocrx_word' id='word_1_31' title='bbox 1172 983 1371 1054; x_wconf 87' lang='lat' dir='ltr'><strong>conciliavit.</strong></span> 
     </span>
     <span class='ocr_line' id='line_1_6' title="bbox 341 1100 1374 1196; baseline 0.002 -26"><span class='ocrx_word' id='word_1_32' title='bbox 341 1105 420 1170; x_wconf 86' lang='lat' dir='ltr'>Post</span> <span class='ocrx_word' id='word_1_33' title='bbox 443 1126 549 1196; x_wconf 91' lang='lat' dir='ltr'><strong>neque</strong></span> <span class='ocrx_word' id='word_1_34' title='bbox 571 1102 618 1171; x_wconf 88' lang='lat' dir='ltr'><strong>ita</strong></span> <span class='ocrx_word' id='word_1_35' title='bbox 642 1100 768 1189; x_wconf 90' lang='lat' dir='ltr'><strong>multo,</strong></span> <span class='ocrx_word' id='word_1_36' title='bbox 788 1104 936 1195; x_wconf 85' lang='lat' dir='ltr'>Cyprum</span> <span class='ocrx_word' id='word_1_37' title='bbox 961 1126 1038 1171; x_wconf 93' lang='lat' dir='ltr'><strong>cum</strong></span> <span class='ocrx_word' id='word_1_38' title='bbox 1060 1101 1211 1172; x_wconf 88' lang='lat' dir='ltr'><strong>ducentis</strong></span> <span class='ocrx_word' id='word_1_39' title='bbox 1232 1104 1374 1172; x_wconf 89' lang='lat' dir='ltr'><strong>navibus</strong></span> 
     </span>
     <span class='ocr_line' id='line_1_7' title="bbox 342 1221 1373 1316; baseline 0.001 -26"><span class='ocrx_word' id='word_1_40' title='bbox 342 1223 522 1316; x_wconf 82' lang='lat' dir='ltr'><strong>imperator</strong></span> <span class='ocrx_word' id='word_1_41' title='bbox 534 1223 666 1308; x_wconf 90' lang='lat' dir='ltr'><strong>missus,</strong></span> <span class='ocrx_word' id='word_1_42' title='bbox 680 1247 784 1315; x_wconf 92' lang='lat' dir='ltr'><strong>quum</strong></span> <span class='ocrx_word' id='word_1_43' title='bbox 796 1223 866 1315; x_wconf 91' lang='lat' dir='ltr'><strong>ejus</strong></span> <span class='ocrx_word' id='word_1_44' title='bbox 875 1221 1033 1315; x_wconf 89' lang='lat' dir='ltr'><strong>majorem</strong></span> <span class='ocrx_word' id='word_1_45' title='bbox 1048 1237 1174 1315; x_wconf 89' lang='lat' dir='ltr'><strong>partem</strong></span> <span class='ocrx_word' id='word_1_46' title='bbox 1190 1222 1304 1291; x_wconf 85' lang='lat' dir='ltr'><strong>insulae</strong></span> <span class='ocrx_word' id='word_1_47' title='bbox 1316 1223 1373 1292; x_wconf 88' lang='lat' dir='ltr'><strong>de·</strong></span> 
     </span>
     <span class='ocr_line' id='line_1_8' title="bbox 340 1339 1374 1434; baseline -0.001 -24"><span class='ocrx_word' id='word_1_48' title='bbox 340 1343 486 1430; x_wconf 86' lang='lat' dir='ltr'><strong>vicisset,</strong></span> <span class='ocrx_word' id='word_1_49' title='bbox 503 1343 537 1410; x_wconf 94' lang='lat' dir='ltr'><strong>in</strong></span> <span class='ocrx_word' id='word_1_50' title='bbox 556 1341 707 1410; x_wconf 88' lang='lat' dir='ltr'>morbum</span> <span class='ocrx_word' id='word_1_51' title='bbox 721 1340 915 1434; x_wconf 86' lang='lat' dir='ltr'><strong>implicitus,</strong></span> <span class='ocrx_word' id='word_1_52' title='bbox 932 1342 967 1409; x_wconf 93' lang='lat' dir='ltr'><strong>in</strong></span> <span class='ocrx_word' id='word_1_53' title='bbox 984 1339 1106 1434; x_wconf 92' lang='lat' dir='ltr'><strong>oppido</strong></span> <span class='ocrx_word' id='word_1_54' title='bbox 1119 1341 1208 1411; x_wconf 88' lang='lat' dir='ltr'><strong>Citio</strong></span> <span class='ocrx_word' id='word_1_55' title='bbox 1221 1355 1270 1410; x_wconf 91' lang='lat' dir='ltr'><strong>est</strong></span> <span class='ocrx_word' id='word_1_56' title='bbox 1283 1366 1374 1410; x_wconf 92' lang='lat' dir='ltr'><strong>mor-</strong></span> 
     </span>
     <span class='ocr_line' id='line_1_9' title="bbox 342 1477 429 1532; baseline -0.023 -1"><span class='ocrx_word' id='word_1_57' title='bbox 342 1477 429 1532; x_wconf 85' lang='lat' dir='ltr'><strong>tuus.</strong></span> 
     </span>
    </p>
   </div>
   <div class='ocr_carea' id='block_1_3' title="bbox 342 1579 1377 2276">
    <p class='ocr_par' dir='ltr' id='par_1_3' title="bbox 342 1579 1377 2276">
     <span class='ocr_line' id='line_1_10' title="bbox 388 1579 1376 1677; baseline 0 -27"><span class='ocrx_word' id='word_1_58' title='bbox 388 1579 447 1651; x_wconf 84' lang='lat' dir='ltr'><strong>IV.</strong></span> <span class='ocrx_word' id='word_1_59' title='bbox 460 1585 558 1652; x_wconf 91' lang='lat' dir='ltr'><strong>Hunc</strong></span> <span class='ocrx_word' id='word_1_60' title='bbox 572 1583 789 1654; x_wconf 82' lang='lat' dir='ltr'><strong>Athenienses</strong></span> <span class='ocrx_word' id='word_1_61' title='bbox 803 1608 871 1652; x_wconf 93' lang='lat' dir='ltr'><strong>non</strong></span> <span class='ocrx_word' id='word_1_62' title='bbox 887 1582 994 1652; x_wconf 90' lang='lat' dir='ltr'><strong>solum</strong></span> <span class='ocrx_word' id='word_1_63' title='bbox 1005 1584 1039 1650; x_wconf 95' lang='lat' dir='ltr'><strong>in</strong></span> <span class='ocrx_word' id='word_1_64' title='bbox 1053 1581 1159 1671; x_wconf 87' lang='lat' dir='ltr'><strong>bello,</strong></span> <span class='ocrx_word' id='word_1_65' title='bbox 1169 1583 1227 1652; x_wconf 88' lang='lat' dir='ltr'><strong>sed</strong></span> <span class='ocrx_word' id='word_1_66' title='bbox 1240 1584 1276 1651; x_wconf 92' lang='lat' dir='ltr'><strong>in</strong></span> <span class='ocrx_word' id='word_1_67' title='bbox 1293 1607 1376 1677; x_wconf 89' lang='lat' dir='ltr'><strong>pace</strong></span> 
     </span>
     <span class='ocr_line' id='line_1_11' title="bbox 342 1699 1375 1795; baseline 0.004 -28"><span class='ocrx_word' id='word_1_68' title='bbox 342 1700 399 1768; x_wconf 90' lang='lat' dir='ltr'><strong>diu</strong></span> <span class='ocrx_word' id='word_1_69' title='bbox 418 1700 694 1772; x_wconf 87' lang='lat' dir='ltr'><strong>desideraverunt.</strong></span> <span class='ocrx_word' id='word_1_70' title='bbox 714 1704 793 1771; x_wconf 86' lang='lat' dir='ltr'><strong>Fuit</strong></span> <span class='ocrx_word' id='word_1_71' title='bbox 816 1704 905 1772; x_wconf 90' lang='lat' dir='ltr'><strong>enim</strong></span> <span class='ocrx_word' id='word_1_72' title='bbox 925 1717 1017 1774; x_wconf 82' lang='lat' dir='ltr'><strong>tanta</strong></span> <span class='ocrx_word' id='word_1_73' title='bbox 1041 1699 1252 1790; x_wconf 82' lang='lat' dir='ltr'><strong>liberalitate,</strong></span> <span class='ocrx_word' id='word_1_74' title='bbox 1271 1727 1375 1795; x_wconf 92' lang='lat' dir='ltr'><strong>quum</strong></span> 
     </span>
     <span class='ocr_line' id='line_1_12' title="bbox 344 1821 1375 1917; baseline 0.001 -29"><span class='ocrx_word' id='word_1_75' title='bbox 344 1821 567 1914; x_wconf 82' lang='lat' dir='ltr'><strong>compluribus</strong></span> <span class='ocrx_word' id='word_1_76' title='bbox 576 1821 656 1892; x_wconf 86' lang='lat' dir='ltr'><strong>locis</strong></span> <span class='ocrx_word' id='word_1_77' title='bbox 668 1823 789 1917; x_wconf 82' lang='lat' dir='ltr'><strong>praedia</strong></span> <span class='ocrx_word' id='word_1_78' title='bbox 798 1824 977 1916; x_wconf 84' lang='lat' dir='ltr'><strong>hortosque</strong></span> <span class='ocrx_word' id='word_1_79' title='bbox 990 1822 1142 1910; x_wconf 89' lang='lat' dir='ltr'><strong>haberet,</strong></span> <span class='ocrx_word' id='word_1_80' title='bbox 1155 1837 1194 1891; x_wconf 93' lang='lat' dir='ltr'><strong>ut</strong></span> <span class='ocrx_word' id='word_1_81' title='bbox 1203 1846 1375 1914; x_wconf 89' lang='lat' dir='ltr'><strong>nunquam</strong></span> 
     </span>
     <span class='ocr_line' id='line_1_13' title="bbox 344 1941 1377 2036; baseline 0.001 -29"><span class='ocrx_word' id='word_1_82' title='bbox 344 1942 378 2008; x_wconf 92' lang='lat' dir='ltr'><strong>in</strong></span> <span class='ocrx_word' id='word_1_83' title='bbox 397 1943 442 2009; x_wconf 90' lang='lat' dir='ltr'><strong>eis</strong></span> <span class='ocrx_word' id='word_1_84' title='bbox 467 1942 638 2010; x_wconf 87' lang='lat' dir='ltr'><strong>custodem</strong></span> <span class='ocrx_word' id='word_1_85' title='bbox 662 1943 856 2036; x_wconf 86' lang='lat' dir='ltr'><strong>imposuerit</strong></span> <span class='ocrx_word' id='word_1_86' title='bbox 878 1942 1005 2011; x_wconf 82' lang='lat' dir='ltr'><strong>fructus</strong></span> <span class='ocrx_word' id='word_1_87' title='bbox 1026 1941 1179 2010; x_wconf 85' lang='lat' dir='ltr'><strong>servandi</strong></span> <span class='ocrx_word' id='word_1_88' title='bbox 1196 1942 1316 2036; x_wconf 82' lang='lat' dir='ltr'><strong>gratia,</strong></span> <span class='ocrx_word' id='word_1_89' title='bbox 1333 1965 1377 2008; x_wconf 89' lang='lat' dir='ltr'><strong>ne</strong></span> 
     </span>
     <span class='ocr_line' id='line_1_14' title="bbox 344 2060 1377 2156; baseline -0.001 -28"><span class='ocrx_word' id='word_1_90' title='bbox 344 2062 417 2152; x_wconf 91' lang='lat' dir='ltr'><strong>quis</strong></span> <span class='ocrx_word' id='word_1_91' title='bbox 434 2060 663 2154; x_wconf 76' lang='lat' dir='ltr'><strong>impeditetur,</strong></span> <span class='ocrx_word' id='word_1_92' title='bbox 677 2087 745 2155; x_wconf 93' lang='lat' dir='ltr'><strong>quo</strong></span> <span class='ocrx_word' id='word_1_93' title='bbox 758 2062 867 2131; x_wconf 90' lang='lat' dir='ltr'><strong>minus</strong></span> <span class='ocrx_word' id='word_1_94' title='bbox 884 2061 1086 2156; x_wconf 76' lang='lat' dir='ltr'><strong>ej&#39;usrebus,</strong></span> <span class='ocrx_word' id='word_1_95' title='bbox 1103 2060 1224 2154; x_wconf 89' lang='lat' dir='ltr'><strong>quibus</strong></span> <span class='ocrx_word' id='word_1_96' title='bbox 1237 2062 1377 2154; x_wconf 86' lang='lat' dir='ltr'><strong>quisque</strong></span> 
     </span>
     <span class='ocr_line' id='line_1_15' title="bbox 344 2179 1377 2276; baseline 0.002 -29"><span class='ocrx_word' id='word_1_97' title='bbox 344 2179 457 2267; x_wconf 91' lang='lat' dir='ltr'><strong>vellet,</strong></span> <span class='ocrx_word' id='word_1_98' title='bbox 483 2181 658 2250; x_wconf 82' lang='lat' dir='ltr'><strong>frueretur.</strong></span> <span class='ocrx_word' id='word_1_99' title='bbox 684 2183 820 2276; x_wconf 88' lang='lat' dir='ltr'><strong>Semper</strong></span> <span class='ocrx_word' id='word_1_100' title='bbox 845 2207 922 2250; x_wconf 90' lang='lat' dir='ltr'><strong>eum</strong></span> <span class='ocrx_word' id='word_1_101' title='bbox 941 2181 1112 2276; x_wconf 90' lang='lat' dir='ltr'><strong>pedisequi</strong></span> <span class='ocrx_word' id='word_1_102' title='bbox 1135 2205 1211 2250; x_wconf 92' lang='lat' dir='ltr'><strong>cum</strong></span> <span class='ocrx_word' id='word_1_103' title='bbox 1230 2181 1377 2250; x_wconf 91' lang='lat' dir='ltr'><strong>nummis</strong></span> 
     </span>
    </p>
   </div>
   <div class='ocr_carea' id='block_1_4' title="bbox 342 2299 1377 3565">
    <p class='ocr_par' dir='ltr' id='par_1_4' title="bbox 342 2299 1377 3565">
     <span class='ocr_line' id='line_1_16' title="bbox 348 2299 1376 2396; baseline 0 -28"><span class='ocrx_word' id='word_1_104' title='bbox 348 2317 423 2370; x_wconf 90' lang='lat' dir='ltr'><strong>sunt</strong></span> <span class='ocrx_word' id='word_1_105' title='bbox 432 2303 552 2389; x_wconf 89' lang='lat' dir='ltr'><strong>secuti,</strong></span> <span class='ocrx_word' id='word_1_106' title='bbox 566 2317 619 2389; x_wconf 93' lang='lat' dir='ltr'><strong>ut,</strong></span> <span class='ocrx_word' id='word_1_107' title='bbox 634 2303 661 2369; x_wconf 91' lang='lat' dir='ltr'><strong>si</strong></span> <span class='ocrx_word' id='word_1_108' title='bbox 671 2302 744 2396; x_wconf 94' lang='lat' dir='ltr'><strong>quis</strong></span> <span class='ocrx_word' id='word_1_109' title='bbox 761 2302 832 2396; x_wconf 91' lang='lat' dir='ltr'><strong>opis</strong></span> <span class='ocrx_word' id='word_1_110' title='bbox 842 2303 912 2395; x_wconf 87' lang='lat' dir='ltr'><strong>ejus</strong></span> <span class='ocrx_word' id='word_1_111' title='bbox 927 2301 1106 2395; x_wconf 86' lang='lat' dir='ltr'><strong>indigeret,</strong></span> <span class='ocrx_word' id='word_1_112' title='bbox 1122 2299 1272 2387; x_wconf 86' lang='lat' dir='ltr'><strong>haberet,</strong></span> <span class='ocrx_word' id='word_1_113' title='bbox 1287 2301 1376 2392; x_wconf 92' lang='lat' dir='ltr'><strong>quod</strong></span> 
     </span>
     <span class='ocr_line' id='line_1_17' title="bbox 344 2421 1376 2515; baseline -0.002 -27"><span class='ocrx_word' id='word_1_114' title='bbox 344 2423 454 2491; x_wconf 87' lang='lat' dir='ltr'><strong>statim</strong></span> <span class='ocrx_word' id='word_1_115' title='bbox 465 2421 568 2511; x_wconf 86' lang='lat' dir='ltr'><strong>daret,</strong></span> <span class='ocrx_word' id='word_1_116' title='bbox 577 2447 620 2492; x_wconf 89' lang='lat' dir='ltr'><strong>ne</strong></span> <span class='ocrx_word' id='word_1_117' title='bbox 635 2421 818 2491; x_wconf 78' lang='lat' dir='ltr'><strong>differendo</strong></span> <span class='ocrx_word' id='word_1_118' title='bbox 831 2421 998 2490; x_wconf 88' lang='lat' dir='ltr'><strong>videretur</strong></span> <span class='ocrx_word' id='word_1_119' title='bbox 1007 2445 1139 2515; x_wconf 84' lang='lat' dir='ltr'><strong>negare.</strong></span> <span class='ocrx_word' id='word_1_120' title='bbox 1153 2422 1261 2513; x_wconf 88' lang='lat' dir='ltr'><strong>Saepe,</strong></span> <span class='ocrx_word' id='word_1_121' title='bbox 1272 2444 1376 2511; x_wconf 94' lang='lat' dir='ltr'><strong>quum</strong></span> 
     </span>
     <span class='ocr_line' id='line_1_18' title="bbox 343 2540 1377 2635; baseline -0.004 -25"><span class='ocrx_word' id='word_1_122' title='bbox 343 2541 485 2635; x_wconf 85' lang='lat' dir='ltr'><strong>aliquem</strong></span> <span class='ocrx_word' id='word_1_123' title='bbox 501 2543 663 2611; x_wconf 84' lang='lat' dir='ltr'><strong>offensum</strong></span> <span class='ocrx_word' id='word_1_124' title='bbox 682 2541 815 2610; x_wconf 82' lang='lat' dir='ltr'><strong>fortuna</strong></span> <span class='ocrx_word' id='word_1_125' title='bbox 831 2541 958 2610; x_wconf 86' lang='lat' dir='ltr'><strong>videret</strong></span> <span class='ocrx_word' id='word_1_126' title='bbox 977 2542 1087 2608; x_wconf 93' lang='lat' dir='ltr'><strong>minus</strong></span> <span class='ocrx_word' id='word_1_127' title='bbox 1102 2541 1187 2609; x_wconf 90' lang='lat' dir='ltr'><strong>bene</strong></span> <span class='ocrx_word' id='word_1_128' title='bbox 1201 2540 1377 2626; x_wconf 90' lang='lat' dir='ltr'><strong>vestitum,</strong></span> 
     </span>
     <span class='ocr_line' id='line_1_19' title="bbox 343 2659 1376 2752; baseline -0.003 -23"><span class='ocrx_word' id='word_1_129' title='bbox 343 2686 439 2729; x_wconf 92' lang='lat' dir='ltr'><strong>snum</strong></span> <span class='ocrx_word' id='word_1_130' title='bbox 455 2660 635 2729; x_wconf 90' lang='lat' dir='ltr'><strong>amiculum</strong></span> <span class='ocrx_word' id='word_1_131' title='bbox 649 2661 749 2730; x_wconf 90' lang='lat' dir='ltr'><strong>dedit.</strong></span> <span class='ocrx_word' id='word_1_132' title='bbox 767 2659 927 2748; x_wconf 90' lang='lat' dir='ltr'><strong>Quotidie</strong></span> <span class='ocrx_word' id='word_1_133' title='bbox 941 2661 988 2728; x_wconf 92' lang='lat' dir='ltr'><strong>sic</strong></span> <span class='ocrx_word' id='word_1_134' title='bbox 1008 2685 1100 2728; x_wconf 88' lang='lat' dir='ltr'><strong>coena</strong></span> <span class='ocrx_word' id='word_1_135' title='bbox 1116 2661 1147 2728; x_wconf 90' lang='lat' dir='ltr'><strong>ei</strong></span> <span class='ocrx_word' id='word_1_136' title='bbox 1161 2659 1376 2752; x_wconf 85' lang='lat' dir='ltr'><strong>coquebatur,</strong></span> 
     </span>
     <span class='ocr_line' id='line_1_20' title="bbox 343 2780 1376 2874; baseline -0.003 -24"><span class='ocrx_word' id='word_1_137' title='bbox 343 2795 399 2869; x_wconf 84' lang='lat' dir='ltr'><strong>ut,</strong></span> <span class='ocrx_word' id='word_1_138' title='bbox 417 2806 499 2874; x_wconf 92' lang='lat' dir='ltr'><strong>quos</strong></span> <span class='ocrx_word' id='word_1_139' title='bbox 523 2781 693 2850; x_wconf 89' lang='lat' dir='ltr'><strong>invocatos</strong></span> <span class='ocrx_word' id='word_1_140' title='bbox 714 2781 847 2850; x_wconf 91' lang='lat' dir='ltr'><strong>vidisset</strong></span> <span class='ocrx_word' id='word_1_141' title='bbox 864 2782 899 2849; x_wconf 91' lang='lat' dir='ltr'><strong>in</strong></span> <span class='ocrx_word' id='word_1_142' title='bbox 922 2780 1010 2868; x_wconf 81' lang='lat' dir='ltr'><strong>foro,</strong></span> <span class='ocrx_word' id='word_1_143' title='bbox 1032 2805 1148 2848; x_wconf 93' lang='lat' dir='ltr'><strong>omnes</strong></span> <span class='ocrx_word' id='word_1_144' title='bbox 1164 2794 1376 2865; x_wconf 82' lang='lat' dir='ltr'><strong>convocaret3</strong></span> 
     </span>
     <span class='ocr_line' id='line_1_21' title="bbox 342 2898 1377 2994; baseline 0.002 -28"><span class='ocrx_word' id='word_1_145' title='bbox 342 2899 432 2992; x_wconf 94' lang='lat' dir='ltr'><strong>quod</strong></span> <span class='ocrx_word' id='word_1_146' title='bbox 446 2898 553 2969; x_wconf 81' lang='lat' dir='ltr'><strong>facere</strong></span> <span class='ocrx_word' id='word_1_147' title='bbox 562 2898 690 2968; x_wconf 93' lang='lat' dir='ltr'><strong>nullum</strong></span> <span class='ocrx_word' id='word_1_148' title='bbox 701 2900 788 2969; x_wconf 91' lang='lat' dir='ltr'><strong>diem</strong></span> <span class='ocrx_word' id='word_1_149' title='bbox 799 2900 1080 2994; x_wconf 75' lang='lat' dir='ltr'><strong>praetermittebat.</strong></span> <span class='ocrx_word' id='word_1_150' title='bbox 1092 2898 1187 2971; x_wconf 90' lang='lat' dir='ltr'><strong>Nulli</strong></span> <span class='ocrx_word' id='word_1_151' title='bbox 1201 2899 1282 2968; x_wconf 89' lang='lat' dir='ltr'><strong>fides</strong></span> <span class='ocrx_word' id='word_1_152' title='bbox 1294 2899 1377 2992; x_wconf 89' lang='lat' dir='ltr'><strong>ejus,</strong></span> 
     </span>
     <span class='ocr_line' id='line_1_22' title="bbox 343 3016 1375 3113; baseline 0 -27"><span class='ocrx_word' id='word_1_153' title='bbox 343 3016 428 3086; x_wconf 93' lang='lat' dir='ltr'><strong>nulli</strong></span> <span class='ocrx_word' id='word_1_154' title='bbox 442 3043 558 3112; x_wconf 86' lang='lat' dir='ltr'><strong>opera,</strong></span> <span class='ocrx_word' id='word_1_155' title='bbox 572 3017 656 3087; x_wconf 89' lang='lat' dir='ltr'><strong>nulli</strong></span> <span class='ocrx_word' id='word_1_156' title='bbox 672 3045 724 3088; x_wconf 90' lang='lat' dir='ltr'><strong>res</strong></span> <span class='ocrx_word' id='word_1_157' title='bbox 742 3018 912 3089; x_wconf 81' lang='lat' dir='ltr'><strong>familiaris</strong></span> <span class='ocrx_word' id='word_1_158' title='bbox 926 3019 1042 3093; x_wconf 81' lang='lat' dir='ltr'><strong>defuit.¹</strong></span> <span class='ocrx_word' id='word_1_159' title='bbox 1054 3018 1179 3088; x_wconf 88' lang='lat' dir='ltr'><strong>Multos</strong></span> <span class='ocrx_word' id='word_1_160' title='bbox 1194 3017 1375 3113; x_wconf 89' lang='lat' dir='ltr'><strong>locupleta-</strong></span> 
     </span>
     <span class='ocr_line' id='line_1_23' title="bbox 343 3137 1375 3234; baseline 0.001 -29"><span class='ocrx_word' id='word_1_161' title='bbox 343 3139 406 3221; x_wconf 87' lang='lat' dir='ltr'><strong>vit;</strong></span> <span class='ocrx_word' id='word_1_162' title='bbox 423 3137 609 3232; x_wconf 88' lang='lat' dir='ltr'><strong>complures</strong></span> <span class='ocrx_word' id='word_1_163' title='bbox 623 3164 782 3234; x_wconf 85' lang='lat' dir='ltr'><strong>pauperes</strong></span> <span class='ocrx_word' id='word_1_164' title='bbox 795 3154 944 3208; x_wconf 90' lang='lat' dir='ltr'><strong>mortuos</strong></span> <span class='ocrx_word' id='word_1_165' title='bbox 952 3168 966 3228; x_wconf 91' lang='lat'><strong>,·</strong></span> <span class='ocrx_word' id='word_1_166' title='bbox 979 3140 1052 3232; x_wconf 91' lang='lat' dir='ltr'><strong>qui,</strong></span> <span class='ocrx_word' id='word_1_167' title='bbox 1066 3138 1154 3208; x_wconf 90' lang='lat' dir='ltr'><strong>unde</strong></span> <span class='ocrx_word' id='word_1_168' title='bbox 1167 3138 1375 3227; x_wconf 86' lang='lat' dir='ltr'><strong>efferrentur,</strong></span> 
     </span>
     <span class='ocr_line' id='line_1_24' title="bbox 343 3254 1374 3352; baseline 0.003 -28"><span class='ocrx_word' id='word_1_169' title='bbox 343 3282 411 3325; x_wconf 92' lang='lat' dir='ltr'><strong>non</strong></span> <span class='ocrx_word' id='word_1_170' title='bbox 437 3254 660 3351; x_wconf 90' lang='lat' dir='ltr'><strong>reliquissent,</strong></span> <span class='ocrx_word' id='word_1_171' title='bbox 686 3284 746 3327; x_wconf 92' lang='lat' dir='ltr'><strong>suo</strong></span> <span class='ocrx_word' id='word_1_172' title='bbox 772 3273 906 3352; x_wconf 93' lang='lat' dir='ltr'><strong>sumptu</strong></span> <span class='ocrx_word' id='word_1_173' title='bbox 931 3256 1059 3328; x_wconf 84' lang='lat' dir='ltr'><strong>extulit.</strong></span> <span class='ocrx_word' id='word_1_174' title='bbox 1081 3258 1136 3326; x_wconf 90' lang='lat' dir='ltr'><strong>Sic</strong></span> <span class='ocrx_word' id='word_1_175' title='bbox 1157 3282 1192 3325; x_wconf 91' lang='lat' dir='ltr'><strong>se</strong></span> <span class='ocrx_word' id='word_1_176' title='bbox 1210 3257 1374 3352; x_wconf 82' lang='lat' dir='ltr'><strong>gerendo,</strong></span> 
     </span>
     <span class='ocr_line' id='line_1_25' title="bbox 343 3356 1376 3472; baseline 0.001 -27"><span class='ocrx_word' id='word_1_177' title='bbox 343 3378 481 3445; x_wconf 91' lang='lat' dir='ltr'><strong>minime</strong></span> <span class='ocrx_word' id='word_1_178' title='bbox 497 3393 547 3449; x_wconf 91' lang='lat' dir='ltr'><strong>est</strong></span> <span class='ocrx_word' id='word_1_179' title='bbox 559 3356 763 3467; x_wconf 84' lang='lat' dir='ltr'><strong>tuirandum,</strong></span> <span class='ocrx_word' id='word_1_180' title='bbox 775 3381 802 3448; x_wconf 90' lang='lat' dir='ltr'><strong>si</strong></span> <span class='ocrx_word' id='word_1_181' title='bbox 813 3395 847 3449; x_wconf 92' lang='lat' dir='ltr'><strong>et</strong></span> <span class='ocrx_word' id='word_1_182' title='bbox 860 3380 927 3446; x_wconf 87' lang='lat' dir='ltr'><strong>vita</strong></span> <span class='ocrx_word' id='word_1_183' title='bbox 941 3380 1012 3472; x_wconf 85' lang='lat' dir='ltr'><strong>ejus</strong></span> <span class='ocrx_word' id='word_1_184' title='bbox 1026 3375 1089 3446; x_wconf 88' lang='lat' dir='ltr'><strong>fuit</strong></span> <span class='ocrx_word' id='word_1_185' title='bbox 1100 3401 1230 3467; x_wconf 88' lang='lat' dir='ltr'><strong>secura,</strong></span> <span class='ocrx_word' id='word_1_186' title='bbox 1240 3393 1274 3447; x_wconf 90' lang='lat' dir='ltr'><strong>et</strong></span> <span class='ocrx_word' id='word_1_187' title='bbox 1287 3403 1376 3446; x_wconf 89' lang='lat' dir='ltr'><strong>mors</strong></span> 
     </span>
     <span class='ocr_line' id='line_1_26' title="bbox 343 3497 472 3565; baseline 0 -1"><span class='ocrx_word' id='word_1_188' title='bbox 343 3497 472 3565; x_wconf 83' lang='lat' dir='ltr'><strong>acerba.</strong></span> 
     </span>
    </p>
   </div>
   <div class='ocr_carea' id='block_1_5' title="bbox 0 0 1609 5174">
    <p class='ocr_par' dir='ltr' id='par_1_5' title="bbox 0 0 1609 5174">
     <span class='ocr_line' id='line_1_27' title="bbox 0 0 1609 5174; baseline 0 0"><span class='ocrx_word' id='word_1_189' title='bbox 0 0 1609 5174; x_wconf 95' lang='lat' dir='ltr'><strong> </strong></span> 
     </span>
    </p>
   </div>
  </div>
 </body>
</html>
