3198 5174
538 633 818 731 ¹arcemanus.
946 737 948 742 ,
1200 683 1235 744 41
1338 687 1339 692 ¹

210 793 325 864 studiis
343 819 457 864 eorum
470 797 664 888 inserviisse,
683 812 719 866 ut
734 821 831 866 nemo
848 821 924 866 eum
944 795 1055 866 labore
1072 800 1237 892 corporis-

210 907 273 1008 que
292 914 414 982 viribus
432 928 541 1008 posset
557 916 767 1010 aequiparare.
787 919 909 984 Omnes
927 917 1015 985 enim
1031 916 1146 984 Boeotii
1166 943 1239 987 ma·

211 1035 259 1126 gis
291 1033 436 1101 firmitati
464 1035 632 1128 corporis,
663 1059 764 1127 quam
794 1036 917 1129 ingenii
947 1035 1107 1122 acumini,
1135 1036 1238 1105 inser·
1281 1069 1282 1072 ¹

210 1152 312 1221 viunt.
333 1150 496 1222 Eumdem
514 1153 608 1248 apud
630 1153 908 1242 LacedaemonioS,
927 1177 1070 1246 quorum
1094 1154 1240 1224 moribus

209 1295 336 1340 summa
355 1272 460 1340 matus
476 1273 511 1342 in
530 1273 686 1365 patientia
703 1272 898 1366 ponebatur,
919 1271 966 1340 sic
986 1253 1114 1340 duritiae
1134 1298 1168 1342 se
1185 1272 1241 1342 de-

136 1430 143 1444 =
209 1390 314 1477 disse,
338 1405 376 1460 ut
395 1393 598 1485 parcimonia
618 1392 723 1460 victus
747 1405 846 1484 atque
868 1388 977 1459 cultus
1001 1415 1113 1472 ornnes
1136 1395 1240 1460 Lace·

210 1509 388 1580 daemonios
409 1511 566 1612 vinceret.
587 1511 700 1603 Fuisse
723 1509 812 1605 apud
832 1509 995 1596 Thracas,
1020 1509 1168 1577 homines
1189 1511 1240 1577 vi·

210 1626 378 1714 nolentes,
395 1629 558 1722 rebusque
575 1629 720 1698 venereis
738 1627 863 1696 deditos
882 1655 891 1697 :
909 1629 969 1696 hos
986 1651 1117 1720 quoque
1137 1629 1171 1694 in
1189 1627 1241 1695 his

210 1749 308 1817 rebus
324 1749 539 1818 antecessisse.
557 1749 694 1819 Venisse
710 1747 752 1817 ad
767 1751 896 1838 Persas,
913 1747 1002 1844 apud
1015 1761 1098 1840 quos
1115 1771 1243 1816 summa

212 1868 282 1938 laus
299 1871 382 1937 es'set
405 1868 543 1938 fortiter·
555 1867 684 1955 venari,
706 1865 871 1936 luxuriose
892 1868 1002 1936 vivere
1024 1863 1175 1935 :horum
1197 1867 1243 1934 sic

213 1965 377 2058 imitatum
392 1987 679 2075 consuetudinem,
696 2001 732 2054 ut
746 1985 794 2054 illi
809 1988 873 2081 ipsi
889 2011 966 2056 eum
983 1987 1019 2054 in
1034 1985 1087 2068 his
1101 1985 1244 2053 maxime
1327 1995 1329 1998 ’

213 2108 609 2196 αάιηίνετειιῑυωυῇδυε
620 2106 718 2175 rebus
734 2105 894 2193 effecisse,
911 2120 964 2192 ut,
976 2102 1066 2198 apud
1077 2127 1243 2196 quoscun-

212 2255 277 2323 que
295 2243 394 2317 esset,
414 2229 567 2322 princeps
583 2240 772 2321 poneretur,
790 2226 1030 2318 habereturque
1046 2223 1240 2294 carissimus.

214 2348 280 2421 Sed
298 2349 376 2418 satis
392 2346 515 2416 dehoc
534 2372 542 2414 :
560 2345 704 2440 reliquos
721 2345 899 2413 ordiamur.
