3114 5032
309 823 399 926 An
445 813 842 924 consanum
883 809 1204 921 urrunnu
1279 959 1281 968 ψ

608 1126 907 1262 NOTAE.

500 1852 538 1898 ru
564 1837 732 1913 euoronrs
754 1851 1017 1898 rnnranrounrr.

286 2003 414 2058 Sororem
428 2017 604 2076 gennanom.
625 1998 713 2068 Quasi
732 2015 767 2054 ex
788 1997 888 2054 eodem
905 1997 1032 2074 gemine
1047 1998 1188 2074 genitam,
1210 1999 1277 2055 dicit

244 2095 351 2152 Festus.
375 2092 430 2149 llio
449 2101 594 2171 ὁμοπάτριον
618 2102 716 2163 sonat,
739 2092 770 2148 id
791 2101 848 2163 est,
866 2091 967 2148 eodem
987 2103 1080 2167 patre,
1099 2093 1150 2147 sed
1167 2091 1277 2147 diversa

244 2197 333 2241 matre
359 2196 463 2242 natam.
485 2185 532 2241 Sic
553 2184 628 2258 apud
646 2183 774 2251 Livium,
797 2183 846 2239 lib.
874 2200 924 2253 ιι,
943 2172 1009 2258 cap.¹
1028 2185 1061 2255 8,
1079 2182 1225 2258 Philippus
1242 2184 1278 2240 ad

242 2279 356 2334 Persem
390 2287 419 2332 et
444 2275 618 2332 Demetrium
645 2273 718 2331 filios
745 2277 880 2348 loquens,
907 2273 1018 2332 diversa
1042 2287 1144 2348 matre
1160 2287 1243 2332 natos
1270 2296 1277 2330 :

245 2370 434 2426 «subituram
453 2368 535 2425 vobis
556 2353 709 2442 aliquando
729 2368 922 2441 germanitatis
936 2369 1109 2426 memoriam.
1130 2393 1142 2418 s

284 2462 462 2536 Magnitudo.
489 2461 524 2516 Id
549 2471 603 2529 est,
625 2471 657 2515 ut
683 2459 851 2533 quibusdam
875 2459 1000 2531 videtur,
1017 2461 1118 2517 modus
1143 2471 1171 2517 et
1192 2477 1279 2534 parvo

244 2571 383 2610 mensura.
402 2554 491 2625 Sensu
507 2563 601 2607 tamen
613 2551 731 2626 proprio
750 2570 807 2606 vox
822 2571 853 2607 ea
867 2552 987 2625 intelligi
1002 2564 1112 2625 posset,
1127 2554 1151 2609 si
1165 2553 1279 2626 quidem

245 2646 282 2700 de
299 2645 475 2700 voluminum
494 2645 571 2717 apud
589 2655 698 2700 veteres
723 2662 854 2700 mensura
871 2644 944 2699 nihil
968 2645 1038 2702 certi
1059 2646 1226 2714 habeamus,
1252 2656 1280 2701 et
1353 2647 1356 2652 “

245 2757 310 2812 pars
323 2737 437 2810 hujusce
454 2737 523 2794 libri
538 2737 680 2811 posterior
698 2737 881 2794 desideretur.

631 2915 668 2960 ΙΝ
685 2914 896 2960 Murranum.

288 3061 381 3115 Cseur
401 3061 425 3116 1.
445 3062 579 3134 Delphos.
595 3062 714 3136 Delphi,
730 3063 798 3118 urbs
819 3057 967 3131 Phocidis,
986 3061 1017 3117 in
1039 3060 1132 3117 media
1150 3063 1279 3118 Parnassi

249 3163 344 3226 parte,
363 3163 390 3207 et
408 3154 542 3226 templum
562 3154 592 3208 in
615 3153 673 3226 ejus
692 3153 810 3224 vertice,
829 3153 969 3227 Apollinis
989 3155 1104 3210 oraculo
1126 3153 1280 3224 famosum

251 3265 312 3319 quae
330 3245 443 3320 quidem
460 3257 487 3300 et
502 3247 593 3320 Pytho
612 3247 812 3302 nominabatur
818 3267 829 3314 ,·
844 3247 931 3302 hodie
953 3247 1051 3303 Castri.

289 3337 480 3392 Deliberatum
498 3339 579 3392 missi
591 3352 661 3394 sunt.
681 3339 762 3394 idem
780 3338 866 3407 valet,
885 3357 917 3392 ac
930 3338 1009 3392 missi
1026 3349 1090 3393 sunt
1109 3338 1158 3411 qui
1175 3357 1281 3396 consu-

246 3431 347 3506 lerent.
370 3429 416 3485 Sio
438 3431 542 3485 Noster
560 3430 591 3484 in
615 3431 759 3496 Themin,
783 3448 843 3503 cap.
865 3449 890 3484 11
914 3429 1199 3492 :rDellberautibus
1223 3433 1281 3506 Py-

250 3521 308 3576 thia
325 3523 487 3595 respondit,
502 3533 533 3576 ut
549 3523 688 3577 moenibus
710 3523 811 3596 ligneis
828 3540 857 3576 se
874 3520 1026 3576 munirent.
1043 3545 1055 3570 »
1071 3523 1113 3578 Ita
1129 3523 1213 3578 etiam
1232 3523 1280 3577 Ci-

250 3631 332 3682 cero,
352 3615 456 3684 Quoest,
486 3615 612 3682 Turoni,
633 3614 683 3670 lib.
711 3633 729 3669 v
753 3635 760 3669 :
783 3613 903 3670 «Pueris
921 3613 1005 3670 nobis
1028 3616 1078 3670 Cn.
1107 3613 1233 3672 Aufidius
1253 3615 1284 3669 in

250 3716 348 3760 senatu
367 3708 534 3763 sententiam
547 3707 672 3778 dicebat,
692 3725 744 3762 neo
758 3708 853 3763 amicis
869 3705 1090 3764 deliberantibus
1109 3704 1212 3763 deerat.
1230 3731 1242 3758 s

290 3801 435 3857 Lemnum.
450 3803 591 3872 Lemnos,
608 3800 699 3855 insula
714 3800 798 3856 maris
818 3801 922 3874 AEgaei,
934 3800 1045 3872 objecta
1060 3800 1199 3870 Thraciae,
1216 3818 1283 3855 ver-

251 3910 296 3946 sus
314 3903 455 3962 austrum3
474 3892 560 3949 hodie
580 3895 701 3961 Lemno,
720 3903 748 3947 et
767 3905 900 3967 corrupte
919 3893 1082 3952 Statimtne.

289 3987 353 4042 Cre.
378 3987 413 4040 ll.
436 3987 470 4040 Ut
484 3986 542 4040 sibi
559 3986 652 4040 urbem
668 3985 791 4052 modom.
809 3986 950 4060 Myrinam
970 3987 1092 4062 scillcet,
1114 3987 1215 4044 Lemni
1233 3986 1280 4041 in-

250 4081 315 4134 sulae
334 4088 425 4152 caput.
1006 4069 1015 4089 ”

1111 4141 1250 4248 16.’
