3168 5048
382 533 435 574 ιιι
712 520 886 580 CORNELII
906 521 1062 577 NEPOTIS

378 643 535 734 pugnavit
555 665 563 708 ε
582 655 647 709 tres
670 645 831 712 exercitus
854 646 1011 712 maximos
1038 643 1246 737 comparavit.
1270 646 1320 712 Ex
1343 641 1396 710 his

378 783 481 826 unum
500 761 532 827 in
551 759 696 828 Africam
715 762 817 850 misit,
833 761 972 832 alterum
989 787 1065 830 cum
1079 760 1282 831 Hasdrubale
1296 759 1397 827 fratre

378 882 412 947 in
425 879 578 972 Hispania
593 877 887 972 reliquit,'tcrtium
902 881 936 948 in
952 879 1080 948 Italiam
1092 903 1201 948 secum
1211 877 1313 947 duxit.
1326 875 1396 946 sat-

378 1014 450 1067 tum
464 969 660 1092 Pyrenaeuni
672 999 811 1067 transiit.
825 995 1034 1092 ¹Quocunque
1051 999 1114 1068 iter
1128 997 1220 1085 lecit,
1235 1021 1312 1066 cum
1327 1021 1400 1064 om·

378 1117 473 1186 nibus
498 1116 614 1185 incolis
635 1115 781 1184 conflixit
800 1142 809 1184 τ
826 1117 1008 1201 neminem,
1027 1116 1090 1185 nisi
1107 1116 1247 1200 victum,
1265 1114 1398 1182 dimisit.

377 1229 543 1328 Ad'Alpes
560 1247 772 1328 posteaquam
796 1234 899 1320 venit,
918 1258 990 1328 quae
1010 1232 1138 1304 Italiam
1158 1233 1199 1300 ab
1218 1229 1327 1300 Gallia
1348 1255 1401 1298 se·

376 1353 533 1448 jungunt,
552 1376 632 1445 quas
658 1375 756 1420 nemo
775 1341 919 1446 unquam
942 1375 1019 1420 cum
1041 1352 1193 1420 exercitu
1207 1364 1283 1418 ante
1303 1372 1401 1432 eum,

379 1486 496 1566 pmeter
512 1469 687 1539 Herculem
705 1471 858 1559 Graium,
875 1469 1047 1540 transierat
1063 1468 1148 1565 (quo
1162 1467 1247 1538 facto
1263 1466 1402 1536 ishodie

379 1589 479 1658 saltus
500 1587 621 1658 Graius
642 1585 857 1681 appellatur);
879 1586 1027 1681 Alpicos,
1048 1601 1204 1656 eonantes
1224 1585 1401 1680 prohibere

379 1708 567 1792 transitum,
584 1705 743 1792 concidit,
761 1703 833 1773 loca
850 1704 1018 1799 patefecit,
1038 1704 1155 1773 itinera
1174 1702 1306 1791 muniit,
1321 1702 1404 1771 effe·

378 1827 502 1918 citque,
524 1839 562 1892 ut
580 1847 618 1892 ea
640 1822 832 1917 elephantus
856 1837 989 1892 ornatus
1007 1823 1056 1891 ire
1074 1836 1197 1917 posset,
1216 1844 1282 1914 qua
1303 1836 1401 1890 antea

380 1967 465 2012 unus
483 1942 582 2010 homo
603 1942 734 2011 inermis
750 1942 805 2010 vix
819 1955 948 2035 poterat
963 1965 1077 2035 repere
1096 1965 1104 2008 :
1124 1940 1187 2009 hac
1204 1938 1314 2034 copias
1331 1954 1401 2016 tra·

378 2062 486 2151 duxit,
506 2061 539 2128 in
557 2059 749 2153 Italiamque
768 2061 926 2154 pervenit.
1036 2039 1045 2064 ’

425 2183 483 2250 IV.
500 2178 698 2249 Conflixerat
713 2179 802 2274 apud
820 2175 1017 2248 Rhodanum
1032 2203 1109 2248 cum
1121 2181 1158 2248 P.
1169 2177 1322 2250 Cornelio
1334 2179 1401 2248 Sci·

378 2301 475 2394 pione
491 2319 573 2384 cosl,
592 2321 732 2391 eumque
747 2295 929 2390 pepulerat.
945 2300 1029 2368 Cum
1044 2298 1108 2368 hoc
1121 2296 1236 2368 eodem
1252 2298 1293 2369 de
1307 2297 1400 2368 Clas·

378 2417 458 2489 tidio
480 2417 569 2512 apud
588 2416 714 2487 Padum
737 2415 905 2484 decernit:
928 2417 1074 2485 saucium
1096 2401 1172 2485 inde
1193 2441 1231 2486 ac
1247 2417 1398 2511 fugatum

378 2535 523 2604 dimittit.
542 2535 653 2604 Tertio
671 2534 758 2607 idem
778 2535 887 2628 Scipio
902 2558 978 2603 cum
993 2533 1117 2629 collega
1132 2535 1263 2604 Tiberio
1278 2538 1399 2631 Longo

377 2652 465 2749 apud
486 2652 637 2722 Trebiam
661 2652 816 2722 adversus
836 2676 912 2721 eum
940 2653 1060 2740 venit:
1089 2677 1165 2722 cum
1186 2653 1237 2722 his
1261 2678 1398 2724 manum

376 2772 558 2859 conseruit,
575 2785 730 2862 utrosque
749 2770 945 2866 profligavit.
964 2771 1044 2838 Inde
1060 2797 1119 2866 per
1137 2773 1274 2866 Ligures
1290 2777 1400 2866 Apen-

276 2939 279 2946 -
376 2892 492 2974 ninum
510 2889 652 2976 transiit,
670 2901 783 2983 petens
800 2889 976 2958 Etruriam.
992 2893 1065 2959 Hoc
1083 2890 1198 2958 itinere
1209 2890 1291 2959 adeo
1305 2893 1399 2984 gravi

376 3008 492 3076 morbo
512 3005 653 3074 afficitur
676 3005 862 3096 oculorum,
881 3021 920 3076 ut
939 3023 1052 3102 postea
1075 3032 1243 3101 nunquam
1264 3008 1399 3078 dextero

375 3149 467 3218 aeque
490 3125 573 3192 bene
592 3149 669 3192 usus
687 3125 739 3194 sit.
761 3125 838 3212 Qua
861 3121 1047 3194 valetudine
1070 3149 1172 3218 quum
1192 3127 1289 3195 etiam
1309 3151 1400 3196 nunc

375 3258 588 3338 premeretur,
608 3242 787 3338 lecticaque
805 3243 953 3330 ferretur,
970 3247 1009 3314 C.
1025 3242 1221 3314 Flaminium
1232 3269 1296 3313 cos.
1310 3245 1400 3341 apud

374 3363 601 3432 Trasimenum
616 3386 692 3431 eum
705 3343 848 3431 exercitu
861 3362 984 3430 insidiis
995 3363 1255 3432 circumventum
1266 3364 1398 3433 occidit.

372 3483 491 3575 Neque
505 3481 611 3550 multo
622 3495 698 3576 post
709 3484 747 3550 C.
766 3483 963 3558 Centenium
976 3496 1167 3576 praetorem,
1184 3508 1260 3552 cum
1275 3482 1401 3552 delecta

376 3623 476 3674 manu
494 3600 594 3682 saltus
611 3612 838 3694 occupantem.
856 3601 943 3668 Hinc
962 3601 996 3666 in
1011 3598 1165 3694 Apuliam
1176 3602 1335 3695 pervenit.
1347 3601 1398 3672 Ibi

376 3719 506 3788 obviarn
516 3719 547 3786 ei
556 3733 715 3786 venerunt
723 3718 789 3786 duo
799 3717 958 3805 consules,
966 3721 1004 3786 C.
1012 3719 1269 3787 TerentiusctL.
1277 3718 1399 3788 Paulus

376 3837 534 3914 AEmilius.
544 3837 725 3930 Utriusque
737 3838 894 3906 exercitus
904 3861 971 3905 uno
983 3835 1099 3931 proelio
1107 3837 1233 3932 fugavit
1241 3865 1249 3904 :
1257 3836 1399 3908 Paulum

376 3956 544 4026 consulem
560 3955 695 4043 occidit,
711 3968 743 4023 et
757 3954 883 4048 aliquot
896 3970 1054 4050 praeterea
1073 3955 1281 4026 consulares:
1297 3958 1332 4024 in
1347 3957 1400 4025 his
1500 3967 1510 3976 '

376 4075 617 4146 Cn.Servilium
625 4075 1397 4169 Geminum,quisuperiorcannofueratconsul.
