3114 5032
344 484 400 524 ω
609 461 771 520 rorans
791 461 904 542 asna.
926 461 1118 520 ammom

339 589 566 663 Tissaphernem.
579 586 626 644 Ait
643 587 674 642 in
689 587 748 644 viu
768 586 909 658 Cononis,
923 587 1084 662 Agesilaum
1096 587 1128 642 in
1144 585 1238 642 Asiam
1252 589 1387 657 vennae,

340 683 496 756 impulsum
509 699 525 736 a
538 679 733 752 Tissapherne.
747 681 816 748 Quae
828 680 913 754 igitur
924 680 983 735 laus
996 679 1130 754 Agesilai,
1144 688 1171 734 et
1184 678 1253 751 quid
1265 680 1389 753 mirans,

342 775 366 831 si
375 773 577 847 Tissaphernes
586 790 616 828 se
625 770 701 828 vinci
710 790 807 845 passus
816 771 875 829 est?
886 774 1037 848 Exponere
1046 771 1173 826 conabor
1180 789 1241 826 rem
1249 790 1370 828 omnem
1378 795 1388 844 3

341 877 401 922 tum
420 865 534 939 quidem
547 864 717 920 dissolvetur
730 864 942 938 quodammodo
960 863 1147 920 contradictio
1162 881 1315 936 apparens,
1332 866 1388 922 sed

340 957 461 1031 scriptor
476 975 536 1012 non
553 955 672 1012 omnino
689 939 811 1028 quadam
826 955 1005 1030 negligentiae
1021 956 1103 1028 culpa
1121 954 1295 1012 liberabitur.

379 1049 443 1106 Fuit
473 1046 678 1121 Tissaphernes
697 1064 799 1120 magna
816 1044 874 1102 fide
895 1048 926 1102 in
949 1045 1066 1102 Darium
1086 1047 1211 1102 Nothum
1229 1047 1306 1102 etin
1324 1047 1388 1120 ejus

339 1139 429 1196 filium
448 1143 632 1196 Artaxerxem
648 1140 817 1207 Mnemona3
831 1139 883 1198 snb
901 1157 999 1194 eorum
1018 1137 1137 1213 imperio
1155 1156 1205 1212 per
1223 1141 1388 1212 complures

340 1251 429 1290 anuos
444 1249 577 1305 magnam
593 1229 662 1286 Asin
677 1240 786 1303 partem
801 1229 1019 1299 administravit,
1039 1239 1067 1285 et
1086 1229 1211 1303 prudens
1228 1233 1388 1304 perspexit,

343 1345 404 1382 non
417 1343 476 1380 esse
489 1323 563 1397 regis
576 1322 693 1390 Persiae,
707 1341 742 1378 eo
760 1341 847 1396 usque
866 1321 1000 1394 adjuvare
1016 1320 1259 1391 Lacedaemonios,
1273 1332 1305 1376 ut
1320 1325 1388 1378 uni-

340 1435 451 1473 versam
466 1415 604 1471 Graeciam
621 1414 652 1468 in
669 1433 718 1468 sua
735 1423 874 1486 potestate
893 1423 1030 1468 tenerent.
1050 1412 1106 1468 Sed
1126 1430 1227 1468 exosus
1240 1424 1301 1468 erat
1316 1415 1387 1470 Tis-

341 1509 494 1583 saphernes
507 1508 582 1580 Cyro
592 1504 712 1577 juniori,
729 1505 842 1578 ejusque
856 1515 883 1560 et
896 1501 1059 1560 Artaxerxis
1074 1503 1172 1573 matri,
1185 1505 1326 1560 sceleratae
1338 1506 1388 1564 isti

340 1599 481 1676 Parysati3
490 1599 619 1653 aemulum
634 1595 718 1653 etiarn
731 1596 855 1652 hahebat
870 1597 1095 1665 Pharnabazum,
1105 1597 1282 1668 Hellesponti
1294 1607 1387 1654 satra-

341 1711 407 1767 pen.
422 1687 600 1763 Tempestive
619 1699 767 1744 monuerat
782 1690 983 1756 Artaxerxem,
998 1705 1097 1743 cavere
1113 1687 1168 1742 sibi
1182 1706 1198 1741 a
1214 1687 1279 1762 Cyri
1290 1688 1388 1744 hamis

342 1783 480 1850 consiliis,
500 1791 528 1836 et
550 1798 636 1853 opera
655 1779 713 1852 ejus
730 1779 762 1834 in
784 1781 881 1853 praelio
901 1779 938 1835 ad
954 1781 1070 1835 Cunaxa
1085 1797 1187 1852 magna
1205 1779 1258 1834 suit
1272 1780 1310 1835 ad
1329 1785 1387 1836 Ar-

344 1874 469 1931 taxerxis
482 1874 608 1928 salutem.
622 1873 710 1928 Recte
723 1872 817 1945 itaque
832 1872 901 1927 dicit
915 1871 1062 1927 Cornelius
1076 1891 1083 1925 :
1099 1895 1111 1922 ι(
1125 1871 1320 1928 Reminiscens
1333 1877 1388 1928 Ar·-

345 1978 487 2034 taxerxes,
496 1964 691 2038 Tissaphernis
708 1982 737 2020 se
750 1982 838 2038 opera
853 1963 1088 2038 Cyrmnfratrem
1103 1981 1278 2038 superasse.»
1291 1967 1388 2034 Quum

344 2058 426 2115 brevi
449 2068 578 2131 tempore
603 2063 670 2130 post
690 2056 817 2129 praelium
838 2055 875 2112 ad
897 2056 1011 2112 Cunaxa
1029 2056 1248 2128 Lacedaemonii‚
1264 2058 1387 2131 Agesilai

346 2149 484 2218 consilio,
497 2149 602 2204 bellum
620 2147 757 2203 inferrent
775 2147 882 2216 Persis,
899 2165 961 2202 non
977 2157 1089 2221 poterat
1108 2167 1169 2204 nou
1185 2148 1309 2204 infensus
1327 2169 1390 2205 esse

345 2240 579 2308 Lacedaemoniis,
602 2238 651 2313 qui
673 2250 730 2294 tam
749 2238 837 2294 fidum
852 2258 882 2294 se
897 2239 1062 2313 praestiterat
1077 2239 1146 2314 regi.
1163 2241 1277 2296 Restitit
1293 2241 1388 2317 itaque

346 2335 399 2392 sub
416 2333 528 2388 initium
542 2331 626 2402 belli,
645 2341 779 2405 quantana
794 2331 900 2404 potuit,
913 2331 1042 2405 Agesilao
1053 2331 1084 2387 in
1097 2332 1164 2388 Asia
1177 2334 1322 2407 grassanti.
1332 2335 1389 2391 Sed

349 2445 435 2500 quum
453 2444 512 2480 non
530 2443 564 2481 ex
579 2423 719 2480 sententia
736 2434 899 2498 gererentur
913 2442 959 2479 res
973 2426 1134 2494 Persarum,
1149 2426 1311 2498 Parysaos,
1327 2447 1388 2500 qua

349 2517 582 2592 Tissaphernem,
598 2525 628 2571 ut
652 2515 776 2588 reliquos
795 2534 894 2571 omnes
913 2515 962 2589 qui
978 2520 1161 2572 Artaxerxem
1180 2518 1313 2574 adversus
1331 2520 1388 2594 cy-

348 2630 412 2666 rum
429 2609 610 2682 adjuverant,
623 2606 742 2664 infinitis
757 2609 978 2682 persequebatur
990 2607 1064 2664 odiis
1077 2619 1106 2664 et
1120 2611 1278 2682 calumniis,
1291 2613 1389 2687 prodi·

349 2703 435 2758 tionis
451 2720 515 2757 eurn
530 2701 675 2756 accusavit.
693 2702 754 2757 Hae
768 2702 945 2785 accusatione
961 2701 1000 2758 ad
1016 2702 1241 2776 desperationem
1254 2705 1390 2762 adductus

348 2794 561 2868 Tissaphernes,
574 2791 697 2848 irritatus
712 2793 851 2867 Parysatis
863 2805 891 2850 et
902 2794 1079 2850 Pharnabazi
1091 2795 1236 2850 calumniis
1250 2806 1276 2852 et
1294 2798 1390 2867 minis,

349 2886 437 2942 lactus
455 2886 569 2940 tandem
594 2895 636 2942 est
660 2885 803 2958 proditor,
821 2884 980 2959 Agesilaum
1003 2886 1100 2942 Asiam
1120 2887 1312 2944 devastantem
1329 2907 1391 2944 non

349 2977 515 3051 Mpedivit,
534 2977 653 3032 fortasse
673 2976 757 3033 etiarn
772 2978 890 3033 consilia
908 2997 971 3035 cum
986 2997 1021 3035 eo
1038 2979 1211 3036 clandestina
1228 2979 1301 3037 iniit
1319 2982 1390 3038 Inde

349 3087 402 3144 per
418 3069 565 3124 Cononem
582 3068 659 3142 apud
672 3086 768 3142 regem
784 3081 940 3139 accusatus,
954 3070 1031 3142 jussu
1048 3070 1172 3143 ejusdem
1179 3090 1232 3145 per
1244 3073 1391 3128 Tithraus-

350 3171 408 3216 tem
421 3169 535 3215 necatus
553 3169 603 3215 est.
621 3161 662 3214 Ea
681 3159 712 3217 in
731 3161 784 3216 hac
798 3161 976 3231 narratione,
993 3179 1053 3235 quae
1074 3163 1111 3218 ad
1128 3154 1344 3237 Tissaphernem
1363 3175 1393 3220 et

350 3251 494 3327 Parysatin
503 3251 658 3325 pertinent,
667 3253 786 3326 amplius
795 3253 922 3326 exposita
937 3264 1002 3309 sunt
1017 3255 1194 3328 aperillnstri
1206 3257 1390 3332 Guldbergio,

245 3335 249 3345 ’
351 3344 457 3402 Hister.
472 3345 504 3398 T.
521 3363 563 3410 11,
580 3363 609 3418 p.
630 3362 699 3414 127,
716 3345 786 3415 143,
806 3348 1214 3420 veterumque-auctoritatibus
1226 3350 1342 3406 munita.

391 3437 428 3492 X.
450 3435 555 3490 Notata
567 3435 653 3510 digna
672 3445 714 3491 est
733 3436 911 3494 Athenarum
926 3455 977 3510 per
993 3440 1025 3493 L.
1040 3438 1203 3495 Cornelium
1216 3441 1321 3516 Syllam
1340 3460 1392 3497 ex-

352 3527 490 3601 pugnatio
508 3527 635 3582 inbelle
656 3523 857 3584 mithridatico.
879 3531 945 3584 Non
965 3530 1057 3604 attigit
1070 3541 1136 3586 'eam
1158 3532 1322 3603 Cornelius,
1339 3553 1392 3590 nec

351 3613 464 3696 necesse
484 3636 535 3692 per
557 3636 587 3674 se
608 3628 680 3688 erat,
697 3638 783 3693 quum
802 3619 889 3676 vitam
907 3622 1060 3695 Pomponii
1076 3623 1171 3694 Attici,
1188 3643 1249 3683 non
1270 3643 1315 3681 res
1333 3625 1391 3697 ejus

343 3710 488 3784 temporis
505 3728 636 3766 romanas
648 3723 869 3785 persequeretur.
880 3713 956 3768 Dicit
971 3718 1240 3787 tantum,Ato'c.11‚
1253 3735 1270 3773 a
1281 3737 1289 3772 ι
1299 3743 1310 3768 a
1319 3720 1390 3773 Pos-

352 3811 483 3875 teaquam
498 3801 571 3856 vidit
589 3801 708 3871 Atticus,
724 3802 853 3860 Cinnano
871 3805 991 3860 tumultu
1009 3806 1149 3864 civitatem
1166 3827 1226 3864 esse
1239 3810 1390 3882 perturba-

353 3903 410 3948 tam
413 3935 478 3963 .......
497 3893 632 3950 idoneum
653 3903 763 3966 tempus
777 3907 852 3952 ratus
872 3897 971 3954 studiis
990 3899 1167 3974 obsequendi
1184 3902 1253 3972 suis,
1269 3903 1393 3958 Athenas

354 4003 384 4040 se
397 3986 523 4042 contulit.
531 4009 543 4035 u
551 3987 692 4042 Memorat
701 3998 810 4059 postea,
818 4008 842 4044 c.
852 4009 895 4060 rr,
911 4010 940 4059 r,
953 3992 1059 4066 Syllam
1067 4033 1076 4062 ‚
1085 3993 1134 4066 qui
1142 3995 1270 4087 'althenas
1282 3994 1394 4074 venerit

355 4095 388 4132 er
408 4077 471 4134 Asia
486 4078 630 4134 recedens.
