3168 5048
386 475 439 540 adl.
720 477 894 534 CORNELII
915 477 1070 533 NEPOTIS

430 602 578 670 Primum
605 605 719 670 Romae
747 604 888 694 parietes
911 617 1020 670 crusta
1046 603 1220 670 marmoris
1248 605 1456 694 operuisse

383 720 482 788 totius
500 719 618 788 domus
635 744 701 788 suae
721 721 756 788 in
774 719 878 790 Coelio
896 734 1009 788 moute
1026 718 1200 788 Cornelius
1219 722 1338 813 Nepos
1357 737 1453 790 tra-

379 839 464 908 didit
486 843 711 924 Mamurram,
735 840 874 908 Formiis
895 855 1026 924 natum,
1045 840 1190 931 equitem
1217 864 1445 925 romanum,

378 958 565 1050 prefectum
593 958 723 1027 fabrum
750 961 789 1027 C.
813 959 951 1029 Caesaris
975 959 1008 1024 in
1037 953 1155 1028 Gallia.
1176 957 1307 1050 Adjecit
1332 959 1443 1027 idern

376 1077 502 1170 Nepos,
527 1077 768 1168 cumprimum
793 1078 870 1144 totis
895 1075 1019 1144 aedibus
1044 1074 1185 1162 nullam,
1209 1077 1273 1143 nisi
1293 1099 1313 1143 e
1337 1103 1445 1146 mar-
1543 1071 1544 1082 ’

376 1220 482 1283 more,
510 1194 700 1264 columnam
721 1195 887 1280 hahuisse,
917 1217 1030 1262 omnes
1054 1191 1173 1262 solidas
1201 1217 1219 1260 e
1245 1196 1438 1288 Carystio,

375 1330 434 1382 aut
452 1316 613 1384 Lunensi.
635 1313 777 1399 Pluuio,
799 1337 919 1401 mur,
938 1310 971 1381 6.

421 1438 481 1504 XI.
509 1435 599 1504 AEdis
616 1436 734 1502 Martis
750 1449 800 1502 est
814 1435 849 1501 in
862 1435 951 1502 circo
965 1431 1126 1500 Flaminio
1140 1433 1366 1503 architectata
1384 1439 1434 1504 ah

375 1554 583 1626 Hermodoro
602 1553 793 1623 Salaminio.
816 1553 1024 1638 Fascianus,
1050 1552 1106 1620 lih.
1126 1577 1207 1639 v111,
1228 1551 1292 1622 col.
1313 1579 1408 1650 792.

423 1678 502 1746 Non
521 1672 662 1766 amplius
680 1687 731 1741 ter
743 1673 856 1741 bibere
872 1677 1061 1765 Augustum
1078 1671 1212 1742 solitum
1231 1696 1332 1764 super
1353 1700 1428 1742 coe-

376 1818 452 1862 nam
472 1795 506 1860 in
526 1795 641 1861 castris
660 1791 748 1885 apud
769 1793 952 1877 Mutinam,
972 1789 1145 1858 Cornelius
1164 1792 1276 1883 Nepos
1299 1793 1425 1862 tradit.

376 1918 508 1984 Sueten.
526 1916 617 2008 Aug.
637 1919 665 1981 c.
687 1937 743 2009 77.

422 2032 486 2128 (In
511 2047 658 2102 extrema
684 2033 861 2103 Britanniae
889 2048 983 2126 parte
1008 2035 1129 2115 Mona,
1155 2056 1255 2125 quam
1281 2035 1421 2102 Corne-

375 2152 438 2222 lius
458 2155 573 2238 etiam,
594 2151 765 2221 anualmm
791 2154 944 2244 scriptor,
964 2166 1077 2220 narrat
1097 2149 1238 2219 metallis
1259 2151 1421 2244 plurimis

374 2274 555 2366 copiosam,
577 2272 690 2340 herbis
712 2270 932 2364 frequentem,
952 2286 985 2340 et
1008 2271 1059 2338 his
1084 2271 1276 2338 feraciorem
1299 2276 1418 2340 omni-

375 2392 453 2480 hus,
473 2417 546 2485 quae
560 2415 679 2484 pecora
692 2392 813 2484 magis,
832 2415 932 2482 quam
945 2390 1096 2458 homines
1113 2388 1213 2457 alant.
1233 2391 1316 2458 Labi
1333 2417 1418 2460 vero

375 2535 524 2604 peream
546 2509 652 2578 multa
672 2533 772 2602 quam
792 2511 935 2578 maxima
953 2508 1121 2601 relabique
1144 2508 1297 2597 flumina,
1324 2535 1417 2604 gem·

374 2655 445 2698 mas
462 2630 722 2723 margaritasque
736 2627 931 2722 volventia.)
946 2627 1146 2716 lamando,
1163 2628 1207 2696 de
1223 2627 1287 2696 reb.
1307 2633 1412 2699 Getae.

374 2775 402 2818 c.
424 2774 460 2820 ιι.
1131 2755 1139 2770 “

327 2879 331 2889 “
421 2873 585 2937 Homerus
612 2883 708 2960 poeta
731 2870 766 2934 in
790 2869 918 2936 Graecia
946 2865 1079 2952 claruit,
1106 2883 1144 2936 ut
1170 2861 1217 2936 ait
1237 2867 1412 2937 Cornelius

375 2987 502 3078 Nepos,
514 3001 591 3054 ante
604 2984 835 3078 Olympiadem
849 2987 1006 3076 primam,
1022 3002 1099 3054 ante
1113 2987 1230 3054 urbem
1241 2987 1410 3056 conditam

374 3129 463 3172 anno
482 3106 660 3172 centesimo
675 3103 829 3172 vicesimo
843 3118 972 3196 quarto.
991 3105 1167 3196 Ferculsus
1180 3108 1407 3194 Lexorz'ensrs,

378 3223 500 3292 Cicron.
519 3238 600 3291 tom.
619 3247 648 3311 1,
667 3221 723 3290 lih.
746 3247 802 3311 111,
823 3225 851 3292 c.'
871 3249 901 3319 7.

630 3443 863 3512 EPISTOLA
888 3446 1153 3516 CORNELIAE

701 3637 826 3684 MATRIS
845 3595 1082 3686 Gracchorum:

419 3824 492 3890 XII.
519 3823 618 3890 Dices
644 3821 822 3914 pulchrum
852 3849 920 3893 esse
949 3826 1100 3894 inimicos
1128 3827 1249 3896 ulcisci.
1278 3829 1317 3897 Id
1345 3856 1401 3898 nc·

340 3937 351 3964 ‘
372 3965 436 4032 que
454 3943 577 4035 majus,
599 3965 706 4034 neque
725 3941 896 4035 pulchrius
916 3946 1090 4036 cuiquam,
1117 3962 1216 4040 atque
1235 3973 1304 4016 esse
1324 3951 1401 4018 mihi

373 4059 516 4144 videtur;
545 4060 611 4128 sed
630 4063 657 4128 si
682 4057 778 4128 liceat
804 4062 931 4154 republ.
962 4062 1051 4131 salva
1080 4087 1118 4131 ea
1145 4068 1307 4161 persequi.
1340 4069 1399 4138 Sed
