3210 5036
371 471 425 528 ¹26
705 473 881 529 CORNELII
901 475 1057 529 NEPO‘I'IS

416 600 475 666 lx.
500 596 663 666 Antiocho
678 595 809 690 fugato,
827 623 941 666 verens
958 623 1001 665 ne
1015 597 1201 684 dederetur,
1221 600 1311 692 quod
1330 603 1399 671 sine

369 717 470 785 dubio
488 715 673 800 accidisset,
695 717 723 783 si
746 718 797 784 sui
821 716 948 784 fecisset
972 731 1180 810 potestaten,
1201 721 1334 788 Cretam
1356 721 1400 790 ad

370 836 548 928 Gortynios
565 835 673 920 venit,
692 849 731 902 ut
751 835 811 922 ibi,
830 857 899 928 quo
916 860 951 903 se
969 835 1150 922 conferret,
1167 837 1397 912 consideraret.

369 953 459 1024 Vidit
474 967 585 1020 autern
596 954 648 1020 vir
660 955 808 1022 omnium
819 951 1060 1039 callidissimus,
1075 979 1197 1048 magno
1211 981 1246 1023 se
1260 956 1331 1024 fore
1344 983 1401 1052 pe·

369 1070 493 1157 riculo,
512 1073 576 1138 nisi
595 1071 676 1163 quid
693 1071 900 1166 providisset,
920 1088 1056 1167 propter
1075 1075 1245 1140 avaritiam
1263 1078 1400 1144 Creten-

369 1192 481 1258 sium:
502 1191 1400 1286 magnamenimsecumpecuniamportabat‚dequa

370 1311 491 1378 sciebat
509 1311 611 1377 exisse
629 1309 759 1378 famam.
778 1315 895 1403 Itaque
916 1313 1005 1404 capit
1025 1310 1090 1380 tale
1109 1310 1283 1378 consilium
1301 1338 1311 1378 :
1330 1337 1399 1380 am-

370 1430 491 1522 phoras
508 1427 692 1524 complures
711 1429 853 1524 complet
870 1429 1021 1524 plumb03
1039 1455 1182 1498 summas
1196 1433 1304 1524 operit
1316 1455 1399 1499 auro

370 1563 403 1615 ct
427 1564 573 1642 argento.
600 1551 686 1632 Has,
711 1549 925 1641 praesentibus
949 1549 1172 1642 principibus,
1202 1549 1337 1643 deponit
1364 1552 1398 1618 in

370 1666 493 1760 templo
518 1669 648 1754 Dianae,
672 1665 827 1735 simulans
849 1692 884 1735 se
903 1693 978 1736 suas
1000 1668 1150 1736 fortunas
1169 1667 1301 1736 illorum
1322 1669 1398 1736 fidei

370 1785 511 1853 credere.
539 1787 599 1854 His
623 1787 658 1854 in
681 1811 825 1854 errorem
846 1784 1004 1873 inductis,
1028 1801 1151 1855 statuas
1174 1811 1292 1874 eneas,
1316 1811 1400 1879 quas

371 1928 481 1971 secum
500 1905 670 1998 portabat,
689 1929 801 1973 omncs
821 1929 881 1972 sua
898 1908 1036 1998 pecunia
1054 1905 1210 2000 complet,
1228 1931 1348 1998 easque
1364 1908 1397 1974 in

372 2022 547 2116 propatulo
569 2024 658 2092 domi
680 2023 801 2116 abjicit.
826 2025 979 2116 Gortynii
1000 2024 1159 2118 templum
1180 2049 1401 2118 magnacum

372 2141 577 2230 custodiunt,
593 2169 660 2211 non
683 2157 751 2210 tam
767 2167 788 2210 a
807 2145 937 2230 ceteris,
956 2168 1055 2236 quam
1074 2145 1117 2211 ab
1138 2142 1337 2230 Hannibale,
1359 2168 1401 2210 ne

372 2260 454 2353 quid
465 2260 534 2349 ille,
551 2262 762 2330 inscientibus
775 2261 841 2348 bis,
859 2259 1003 2350 tolleret,
1018 2287 1194 2355 secumque
1207 2243 1399 2356 asportaret.

420 2383 462 2448 X.
488 2383 557 2468 sic,
583 2383 780 2449 conservatis
803 2383 870 2449 suis
892 2382 1009 2471 rebus,
1028 2384 1168 2468 Poenus,
1194 2379 1297 2449 illusis
1321 2383 1400 2450 Cre-
1431 2467 1436 2472 ι

373 2501 519 2568 tensibus
530 2501 699 2585 omnibus,
713 2498 756 2568 ad
766 2501 915 2568 Prusiam
928 2502 962 2568 in
973 2503 1116 2568 Pontum
1131 2501 1289 2594 pervenit
1301 2498 1399 2592 Apud

373 2644 471 2713 quem
486 2619 601 2687 eodem
619 2621 729 2687 animo
744 2617 808 2688 fuit
825 2643 902 2713 erga
918 2618 1061 2707 Italiam,
1078 2643 1185 2712 neque
1200 2617 1290 2686 aliud
1305 2617 1401 2711 quid-
1446 2699 1450 2704 ι

372 2761 471 2830 quam
484 2740 566 2831 egit,
579 2763 678 2830 quam
690 2763 798 2832 reg·
811 2740 949 2807 armarit
961 2753 994 2807 et
1005 2741 1150 2811 exercuit
1164 2738 1319 2806 adversus
1333 2741 1400 2805 Ro-

370 2881 495 2923 manos.
512 2857 622 2944 Quem
637 2882 741 2949 quum
755 2855 879 2925 videret
894 2857 1077 2926 domesticis
1093 2858 1191 2926 rebus
1207 2858 1316 2924 minus
1332 2881 1401 2923 esse

372 2974 561 3063 robustum,
579 2974 772 3044 conciliabat
787 2990 912 3044 eeteros
928 3001 1038 3070 reges,
1055 2976 1319 3070 adjungebatquc
1335 2973 1401 3042 bel·

372 3091 487 3162 licosas
507 3097 666 3163 nationes.
684 3091 871 3165 Dissidebat
891 3097 932 3164 ab
952 3121 992 3164 eo
1013 3099 1233 3189 Pergamenus
1251 3119 1313 3162 rex
1332 3097 1401 3162 Eu·

372 3237 498 3301 menes,
517 3217 673 3283 Romanis
692 3217 921 3301 amicissimus,
932 3214 1121 3307 bellumque
1137 3217 1223 3282 inter
1238 3239 1295 3283 eos
1310 3237 1401 3306 gere·

372 3333 470 3400 batur
485 3347 518 3401 et
528 3335 611 3402 mari
621 3349 654 3402 et
664 3350 751 3403 terra
763 3360 771 3402 :
784 3360 851 3427 quo
867 3337 969 3429 magis
982 3335 1134 3428 cupiebat
1147 3357 1223 3401 euru
1236 3330 1399 3400 Hannibal

372 3453 524 3545 opprimi.
548 3453 612 3522 Sed
634 3455 809 3546 utrobique
831 3459 993 3523 Eumenes
1016 3452 1091 3549 plus
1115 3451 1244 3520 valebat
1265 3464 1401 3545 propter

372 3575 597 3641 Romanorum
618 3575 834 3642 societatem:
859 3599 957 3667 quem
979 3575 1006 3642 si
1027 3574 1234 3661 removisset,
1256 3569 1400 3638 faciliora

374 3690 434 3756 sibi
452 3705 558 3758 cetera
569 3691 640 3758 fore
655 3693 885 3760 arbitrabatur.
901 3693 953 3763 Ad
969 3693 1059 3760 hunc
1074 3690 1335 3760 interficiendum
1351 3703 1401 3755 ta-

373 3807 437 3876 lem
451 3810 525 3877 iniit
540 3812 709 3878 rationem.
724 3810 835 3880 Classe
850 3812 1091 3906 paucis-diebus
1106 3825 1200 3878 erant
1216 3808 1400 3877 decreuit-i:

374 3931 589 4023 superabatur
600 3933 733 3998 navium
744 3930 955 4000 multitudine
969 3958 978 3999 :
995 3930 1073 4000 dolo
1085 3945 1156 4000 erat
1170 3927 1402 4025 pugnandum,

374 4072 477 4140 quum
493 4073 555 4143 par
568 4073 635 4117 non
650 4065 733 4119 esset
748 4053 855 4120 armis.
869 4052 1046 4145 Imperavit
1060 4076 1159 4144 quam
1175 4048 1332 4144 plurimas
1347 4070 1403 4113 ve·
