3198 5174
702 647 804 703 mou.
1229 641 1266 698 ta
1344 610 1345 614 ‘

238 784 316 839 cuta
326 783 375 839 est
388 769 494 838 subita
512 773 742 842 commutatio:
755 771 985 865 quodfortuna
997 796 1053 840 sua
1072 767 1266 856 mobilitate,

239 913 337 980 quem
362 888 460 981 paulo
478 905 555 959 ante
571 890 750 974 extulerat,
771 891 959 985 demergere
984 905 1032 958 est
1053 890 1178 958 adorta.
1199 891 1265 958 Pri·

239 1033 328 1082 mum
353 1008 386 1076 in
410 1006 495 1094 filio,
516 1009 556 1077 de
574 1034 641 1102 quo
665 1009 921 1079 commemoravi
944 1033 1065 1101 supra,
1086 1032 1178 1076 suam
1199 1009 1266 1076 vim

239 1128 392 1196 exercuit.
409 1130 496 1196 Nam
514 1153 616 1221 quum
634 1152 770 1199 uxorem
786 1131 984 1218 reduxisset,
997 1158 1071 1226 quae
1086 1131 1140 1200 alii
1157 1131 1264 1200 fuerat

239 1246 375 1334 tradita,
395 1246 565 1340 filiumque
581 1247 680 1317 vellet
700 1274 853 1320 revocare
870 1251 911 1318 ad
931 1251 1086 1318 virtutem
1102 1274 1120 1316 a
1137 1246 1267 1342 perdita

237 1363 388 1452 luxuria3
409 1368 535 1459 accepit
550 1369 777 1462 gravissimum
797 1394 914 1463 parens
934 1367 1054 1438 vulnus
1072 1383 1179 1436 morte
1195 1364 1265 1436 filii.

237 1486 367 1556 Deinde
382 1501 454 1556 orta
469 1486 630 1558 dissensio
645 1505 695 1559 est
711 1492 798 1559 inter
813 1515 888 1560 eum
904 1505 938 1558 et
957 1487 1164 1559 Heraclidem
1181 1512 1189 1555 :
1206 1491 1262 1580 qui

236 1606 388 1698 quidem,
411 1608 513 1677 Dioni
534 1607 849 1703 principatum'non
876 1609 1073 1694 concedens,
1091 1607 1264 1676 factionem

239 1705 450 1819 comparavit.
481 1729 598 1821 Neque
622 1729 649 1796 is
675 1726 784 1797 minus
809 1725 937 1796 valebat
961 1724 1050 1820 apud
1073 1726 1265 1818 optimates,

236 1868 378 1938 quorum
399 1870 558 1915 consensu
576 1862 715 1941 praeerat
733 1847 843 1934 classi,
864 1869 967 1938 quum
981 1847 1070 1915 Dion
1086 1844 1265 1913 exercitum

238 1963 421 2056 pedestrem
440 1978 575 2055 teneret.
593 1968 673 2032 Non
693 1963 770 2032 tulit
784 1964 848 2032 hoc
867 1964 978 2032 animo
990 1967 1091 2054 'aequo
1111 1964 1216 2044 Dion,
1234 1978 1267 2032 et

239 2105 369 2150 versum
388 2081 483 2150 illum
503 2084 639 2154 Homeri
661 2081 775 2151 retulit
796 2107 836 2150 ex
857 2080 998 2150 secunda
1022 2081 1214 2174 rhapsodia,
1231 2083 1265 2150 in

238 2223 304 2293 quo
320 2201 390 2270 haec
408 2203 570 2270 sententia
588 2216 636 2270 est
652 2226 659 2269 :
676 2232 692 2266 (ι
703 2205 781 2271 Non
798 2225 892 2294 posse
906 2201 990 2268 bene
1006 2201 1075 2294 geri
1091 2199 1267 2295 rempubli-

238 2317 514 2387 cam‘multorum
533 2321 716 2413 imperiis.»
733 2319 834 2406 Quod
858 2319 984 2388 dietum
1006 2343 1124 2412 magna
1142 2320 1266 2390 invidia

241 2451 415 2505 consecuta
432 2452 492 2506 est.
505 2439 655 2531 Namque
669 2439 834 2531 aperuisse
849 2437 1037 2526 videbatur,
1056 2463 1090 2506 se
1105 2439 1216 2506 omnia
1231 2438 1266 2506 in

238 2581 296 2646 sua
311 2570 471 2649 potestate
487 2581 557 2626 esse
577 2553 670 2624 velle.
693 2561 785 2625 Hanc
806 2554 862 2624 ille
880 2580 947 2625 non
971 2553 1075 2624 lenire
1094 2556 1266 2650 obsequio,
1327 2572 1333 2581 '

237 2674 294 2742 sed
309 2653 487 2745 acerbitate
503 2677 690 2769 opprimere
708 2675 852 2762 studuit,
863 2673 1150 2770 Heraclidemque,
1163 2701 1264 2768 quum

236 2797 413 2889 Syracusas
434 2795 589 2881 venisset,
607 2793 867 2864 interficiendum
886 2793 1024 2862 curavit.

282 2917 358 2984 vlt.
379 2913 479 3002 Quod
502 2914 625 2982 sactum
644 2914 797 2981 omnibus
816 2913 997 2981 maximum
1013 2913 1166 2981 timorem
1186 2915 1266 3008 inje·
1337 2973 1339 2979 .

237 3036 306 3102 rit:
330 3057 428 3101 nemo
446 3033 550 3114 enim,
571 3030 627 3099 illo
649 3032 836 3115 interfecto,
856 3055 890 3100 se
910 3046 1017 3099 tutum
1041 3033 1188 3125 putabet.
1205 3032 1265 3102 llle

237 3166 363 3240 autem,
384 3149 579 3220 adversario
591 3166 737 3236 remoto,
758 3150 912 3218 licentius
932 3174 1046 3218 eorum
1065 3151 1167 3240 bona,
1183 3177 1265 3244 quos

237 3271 359 3342 sciebat
381 3270 537 3340 adversus
553 3295 587 3339 se
609 3271 762 3354 sensisse,
782 3266 943 3337 militibus
968 3268 1162 3361 dispertivit.
1186 3272 1268 3358 Qui·

237 3392 297 3459 bus
317 3391 442 3477 divisis,
465 3414 566 3483 quum
590 3387 776 3482 quotidiani
803 3387 938 3482 maximi
959 3385 1075 3478 fierent
1099 3401 1266 3481 sumptus,

223 3510 385 3590 ,celeriter
407 3511 548 3604 pecunia
564 3510 672 3578 deesse
692 3511 809 3604 ooepit;
829 3531 949 3600 neque,
966 3531 1032 3599 quo
1052 3531 1169 3574 manus
1193 3531 1266 3601 por·

225 3633 371 3725 rigeret,
395 3630 605 3723 suppetebat,
629 3629 691 3698 nisi
716 3630 751 3696 in
771 3629 953 3697 amicorum
977 3626 1207 3718 possessiones.
1224 3626 1266 3695 Id

237 3747 426 3842 hujusmodi
445 3761 532 3838 erat,
549 3762 600 3835 ut,
622 3769 725 3840 quum
750 3744 869 3815 milites
887 3742 1147 3834 reconciliasset,
1168 3727 1265 3814 amit}

238 3882 318 3935 teret
335 3869 518 3961 optimates.
530 3867 682 3954 Quarum
691 3889 802 3934 rerum
816 3887 897 3932 cura
910 3865 1137 3959 frangebatur;
1152 3879 1200 3952 et,
1215 3866 1265 3933 in·

236 4003 348 4055 suetus
373 3984 459 4055 male
483 3984 653 4070 audiendi,
673 4009 739 4056 non
760 4009 854 4079 aequo
874 3986 986 4053 animo
1011 3985 1148 4072 ferebat,
1166 3983 1206 4052 de
1230 4008 1264 4052 se

236 4103 276 4172 ab
302 4106 342 4172 iis
361 4103 448 4174 male
473 4104 673 4194 existimari,
695 4129 835 4197 quorum
859 4103 959 4199 paulo
984 4117 1060 4171 ante
1086 4103 1119 4172 iu
1145 4099 1262 4172 coelum

235 4222 343 4292 fiterat
367 4224 471 4294 elatus
499 4222 661 4292 laudibus.
681 4222 811 4318 Vulgus
834 4237 958 4308 autem,
980 4221 1102 4290 offensa
1131 4223 1164 4290 in
1187 4246 1260 4306 eum
