3168 5048
717 725 719 730 ⁵
819 735 897 843 xv.

559 1069 1141 1206 'annumerans

800 1494 929 1512 ιι.-

347 1744 645 1881 Brinnonem,
659 1795 811 1890 Polymni
825 1795 927 1885 filius,
937 1797 1122 1867 Thebanus.
1134 1799 1185 1865 De
1198 1795 1262 1864 hoc
1274 1796 1378 1888 prius

346 1938 446 2008 quam
464 1915 661 2003 scribamus,
678 1915 748 1984 haec
764 1915 983 2008 praecipienda
1004 1916 1159 2002 videntur
1177 1914 1377 2002 lectoribus,

346 2059 389 2102 ne
404 2033 527 2102 alienos
542 2057 649 2102 mores
666 2034 708 2102 ad
724 2058 799 2104 suos
812 2034 976 2119 referant;
993 2059 1074 2102 neve
1087 2058 1140 2123 ea,
1151 2057 1224 2128 quae
1239 2035 1317 2126 ipsis
1330 2031 1376 2100 le·

346 2154 440 2222 viora
456 2166 553 2240 sunt,
573 2155 645 2246 pari
662 2153 760 2221 modo
784 2153 874 2247 apud
896 2168 1021 2223 eeteros
1041 2153 1138 2222 titisse
1161 2153 1374 2222 arbitrentur.

346 2275 473 2342 Scimus
490 2275 599 2361 enim,
620 2275 768 2342 musicen
786 2273 906 2344 nostris
927 2273 1074 2342 moribus
1093 2273 1202 2341 abesse
1218 2298 1238 2341 a
1254 2272 1377 2366 princi-

347 2394 397 2486 pis
412 2417 573 2487 persona;
592 2391 710 2462 saltare
725 2419 805 2462 vero
822 2395 921 2463 etiam
939 2395 974 2461 in
993 2393 1080 2460 vitiis
1098 2392 1203 2485 poni:
1221 2413 1292 2484 quae
1309 2416 1379 2460 om·

347 2513 403 2581 nia
414 2512 504 2606 apud
516 2513 649 2582 Graecos
659 2527 691 2581 et
700 2529 851 2607 grata,et
860 2512 957 2581 laude
967 2511 1067 2606 digna
1077 2510 1253 2579 ducuntur.
1264 2511 1378 2598 Quum

347 2645 458 2699 autem
474 2632 656 2724 exprimere
676 2633 852 2726 imaginem
865 2631 1112 2702 consuetudinis
1129 2631 1311 2723 atquevitae
1325 2655 1380 2698 ve-

348 2749 446 2819 limus
455 2751 708 2845 Epaminondae,
718 2751 802 2819 nihil
818 2750 970 2820 videmur
983 2752 1102 2820 debere
1118 2751 1379 2845 pretermittere,

348 2870 438 2962 quod
467 2871 633 2962 pertineat
659 2871 799 2940 adeam
830 2870 1071 2940 declarandam.
1095 2872 1209 2958 Quare
1234 2871 1380 2939 dicemus

348 2991 495 3081 primum
516 2989 557 3057 de
574 3014 693 3084 genere
708 2992 797 3085 ejus;
822 2990 940 3059 deinde
955 2992 1073 3085 quibus
1093 2985 1293 3083 disciplinis,
1306 3004 1339 3057 et
1362 3014 1381 3058 a

349 3107 468 3200 quibus
494 3097 535 3177 sit
556 3109 727 3197 eruditus;
744 3124 815 3179 tum
837 3110 878 3179 de
893 3111 1055 3198 moribus,
1074 3110 1265 3204 ingeniique
1280 3106 1382 3177 facul-

349 3228 491 3316 tatibus,
511 3243 543 3312 et
563 3230 590 3297 si
607 3229 756 3322 qua-alia
773 3231 873 3326 digna
896 3233 1054 3298 memoria
1078 3243 1196 3317 erunt3
1213 3245 1380 3322 postremo

344 3345 390 3415 de
415 3349 513 3416 rebus
535 3351 648 3444 gestis,
669 3375 741 3442 quae
757 3349 943 3443 aplurimis
963 3352 1112 3420 omnium
1135 3365 1382 3445 anteponuntur

349 3468 537 3550 virtutibus.

398 3589 443 3656 Il.
461 3592 568 3659 Natus
590 3592 691 3684 igitur
713 3589 808 3682 patre
828 3616 895 3684 quo
918 3591 1059 3660 diximus
1079 3590 1219 3660 honesto
1243 3615 1381 3686 genere,

349 3731 476 3802 pauper
488 3711 557 3803 jam
573 3708 785 3803 amajoribus
802 3708 949 3806 relictus.v
965 3711 1125 3780 Eruditus
1139 3725 1249 3780 autem
1265 3713 1326 3796 sic,
1344 3707 1384 3779 rit

350 3853 446 3898 nemo
466 3831 642 3900 Thebanus
662 3832 791 3924 magis:
810 3855 890 3899 nam
910 3847 944 3899 et
968 3831 1173 3918 citharizare,
1202 3846 1234 3901 et
1251 3845 1384 3900 cantare

276 4007 279 4014 .
352 3949 391 4017 ad
409 3951 611 4020 chordarum
635 3973 753 4020 sonum
782 3951 899 4022 doctus
918 3967 966 4021 est
989 3977 1007 4020 a
1032 3953 1208 4047 Dionysio,
1232 3954 1290 4046 qui
1316 3977 1383 4021 non

351 4069 478 4139 minore
487 4071 548 4139 fuit
558 4073 592 4140 in
602 4072 733 4141 musicis
741 4072 861 4167 gloria,
874 4098 973 4166 qnam
981 4051 1125 4161 Damon,
1137 4087 1195 4142 aut
1207 4076 1384 4165 Lamprus,
