3168 5048
582 519 796 588 nrucus.
983 563 1062 602 ,Ι
1176 511 1227 582 137

170 735 174 746 Ι
196 647 324 714 hastam
343 643 511 737 publicam
534 669 706 738 nunquam
730 643 873 712 accessit.
898 637 1032 740 Nullius
1052 637 1101 706 rei
1123 655 1230 730 neque

195 789 299 857 praes,
323 789 430 857 neque
453 787 611 857 manceps
634 764 739 834 factus
761 775 819 832 est.
842 760 1020 850 Neminem
1041 781 1147 850 neque
1169 780 1229 825 suo

194 884 346 970 nomine,
362 907 469 976 neque
487 883 713 970 subscribens,
733 881 909 951 accusavit.
929 884 968 949 In
986 880 1040 973 jus
1055 876 1099 960 de
1117 901 1173 946 sua
1193 903 1229 946 re

195 1027 367 1097 uunquam
387 1003 443 1088 iit,
461 1001 622 1096 judicium
645 1000 776 1071 nullum
796 1000 921 1070 habuit.
946 997 1231 1068 Multorum'con·

194 1119 305 1189 sulum
325 1135 572 1214 praetorumque
593 1121 800 1215 praefccturas
823 1118 946 1188 delatas
965 1121 1011 1187 sic
1029 1118 1175 1211 accepit,
1194 1130 1230 1185 ut

195 1241 361 1314 nemiuem
379 1242 413 1308 in
431 1241 638 1334 provinciam
658 1241 700 1310 sit
718 1254 868 1328 secutus,
888 1239 1016 1308 honore
1033 1237 1134 1325 fuerit
1153 1260 1231 1304 con·

196 1363 325 1445 tentus',
351 1363 399 1428 rei
421 1358 593 1427 familiaris
616 1358 798 1454 despexerit
819 1359 973 1429 fructum.
998 1357 1067 1444 Qui
1089 1379 1131 1424 ne
1155 1379 1230 1423 cum

196 1479 239 1568 Q.
258 1478 392 1573 quidem
411 1480 573 1549 Cicerone
591 1478 735 1548 voluerit
753 1479 801 1548 ire
818 1479 858 1546 in‘
871 1478 1002 1564 Asiam,
1019 1500 1123 1569 quum
1141 1472 1231 1567 apud

195 1623 270 1667 eum
290 1597 388 1694 legati
412 1598 522 1668 locum
543 1600 693 1668 obtinere
713 1612 831 1692 posset.
853 1601 931 1667 Non
953 1598 1042 1670 euim
1062 1594 1177 1663 decere
1197 1617 1231 1662 se

131 1734 133 1738 ’
195 1705 450 1806 arbitrabatur,
464 1744 568 1813 quum
597 1733 775 1812 praeturam
802 1741 913 1812 gerere
940 1715 1126 1800 noluisset,
1145 1737 1230 1782 asse-

195 1835 280 1905 clam
304 1862 374 1906 esse
393 1839 553 1931 praetoris.
572 1839 650 1926 Qua
670 1838 705 1904 in
722 1861 758 1906 re
779 1861 846 1904 non
867 1834 974 1906 solum
995 1833 1147 1928 dignitati
1166 1855 1231 1900 ser-

195 1956 324 2043 viebat,
341 1955 515 2024 sedetiam
534 1954 786 2049 tranquillitati,
804 1978 907 2047 quum
928 1953 1129 2047 suspiciones
1148 1975 1231 2044 quo·

195 2100 259 2176 que
278 2077 398 2145 vitaret
419 2077 606 2145 criminum.
627 2076 704 2163 Quo
730 2075 845 2163 fiebat,
872 2087 910 2142 ut
928 2073 998 2165 ejus
1024 2071 1230 2140 observantia

195 2195 351 2280 omnibus¹
374 2210 460 2264 esset
485 2196 611 2283 carior,
638 2219 741 2289 quum
766 2219 837 2263 eam
864 2185 994 2279 ollicio,
1009 2214 1091 2289 ¹uon
1119 2191 1230 2258 timori
1253 2179 1256 2186 ¹

157 2325 160 2334 '
196 2339 302 2407 neque
322 2315 392 2409 spei
412 2315 514 2384 tribui
533 2290 694 2384 uiderent.

240 2437 318 2503 Vll.
344 2435 466 2503 Incidit
478 2435 703 2504 Caesarianum
716 2433 812 2503 civile
825 2431 964 2519 bellum,
978 2457 1082 2526 quum
1095 2431 1235 2500 haberet

194 2570 297 2622 annos
309 2554 441 2623 circiter
452 2555 631 2649 sexaginta.
648 2556 735 2651 Usus
749 2568 797 2624 est
810 2555 913 2622 aetatis
924 2553 1110 2639 vacatione,
1123 2555 1230 2644 neque

194 2699 228 2743 se
242 2671 410 2768 quoquam
427 2677 531 2745 movit
541 2663 585 2744 ex
598 2676 689 2744 urbe.
705 2675 789 2762 Quae
803 2675 915 2742 amicis
929 2675 995 2742 suis
1007 2697 1091 2766 opus
1102 2672 1231 2740 fuerant
1307 2717 1313 2728 ·

194 2789 235 2861 ad
248 2796 445 2889 Pompeium
460 2794 759 2888 proficiscentibus,
771 2794 884 2862 omnia
899 2817 939 2862 ex
953 2816 1012 2860 sua
1025 2817 1061 2861 re
1078 2790 1231 2860 familiari

194 2913 293 2982 dedit.
311 2917 426 3006 Ipsum
441 2915 638 3008 Pompeium
656 2914 870 3008 conjunctum
889 2926 958 2981 non
974 2910 1139 2980 offendit:
1158 2909 1232 2980 nul·
1320 2937 1333 2992 χ

194 3031 262 3100 lum
288 3033 376 3101 enim
397 3035 438 3101 ab
460 3059 500 3102 eo
524 3034 666 3102 habebat
690 3047 941 3119 ornamentum,
967 3046 1006 3101 ut
1028 3033 1147 3119 ceteri,
1174 3034 1231 3125 qui

195 3176 254 3244 per
280 3176 356 3219 eum
381 3167 440 3219 aut
462 3153 627 3240 honores,
653 3167 714 3220 aut
736 3151 867 3230 divitias
891 3165 1064 3245 ceperant;
1088 3175 1231 3243 quorum

194 3273 316 3365 partim
330 3271 517 3340 invitissimi
532 3287 638 3340 castra
652 3286 729 3341 sunt
742 3272 860 3358 secuti,
875 3271 995 3364 partim
1011 3295 1140 3340 summa
1154 3295 1231 3339 cum

194 3393 264 3484 ejus
290 3392 473 3462 offensione
497 3389 588 3460 domi
613 3404 866 3461 remanserunt·
881 3391 982 3458 Attici
1006 3404 1117 3458 autem
1140 3389 1232 3482 quies

196 3525 368 3604 tantopere
392 3512 515 3580 Caesari
540 3511 603 3580 fuit
630 3526 740 3606 grata,
761 3525 798 3579 ut
820 3512 944 3596 victor,
969 3533 1073 3604 quum
1096 3509 1232 3602 privatis

195 3631 352 3725 pecunias
373 3656 433 3726 per
455 3629 608 3725 epistolas
630 3633 826 3725 imperaret,
848 3631 926 3699 huic
945 3653 1013 3697 non
1037 3627 1143 3697 solum
1163 3653 1233 3697 mo·

195 3749 296 3820 lestus
311 3775 378 3822 uon
396 3751 513 3838 fuerit,
531 3749 703 3820 sedetiam
721 3739 842 3820 sororis
865 3748 970 3818 lilium
989 3748 1080 3836 etQ.
1098 3747 1232 3816 Cicero·

196 3896 272 3942 nem
291 3897 331 3939 ex
350 3872 501 3964 Pompeii
519 3871 635 3946 ¹castris
653 3871 859 3940 concesserit.
881 3871 936 3940 sic
953 3882 1063 3939 vetere
1081 3867 1232 3937 instituto

197 3993 269 4060 vitae
284 3991 401 4086 effugit
417 4016 503 4060 nova
517 3990 676 4084 pericula.

242 4114 333 4182 VIII.
361 4115 517 4180 Secutum
535 4125 583 4180 est
601 4110 693 4183 illud.
709 4113 826 4180 Occiso
843 4113 984 4194 Caesare,
1001 4131 1103 4199 quum
1117 4129 1230 4197 respu-
