<?xml version="1.0" encoding="UTF-8"?>
<!DOCTYPE html PUBLIC "-//W3C//DTD XHTML 1.0 Transitional//EN"
    "http://www.w3.org/TR/xhtml1/DTD/xhtml1-transitional.dtd">
<html xmlns="http://www.w3.org/1999/xhtml" xml:lang="en" lang="en">
 <head>
  <title>
</title>
<meta http-equiv="Content-Type" content="text/html;charset=utf-8" />
  <meta name='ocr-system' content='tesseract 3.04.00' />
  <meta name='ocr-capabilities' content='ocr_page ocr_carea ocr_par ocr_line ocrx_word'/>
</head>
<body>
  <div class='ocr_page' id='page_1' title='image "./corneliinepotio00nepogoog_0082.png"; bbox 0 0 3198 5174; ppageno 0'>
   <div class='ocr_carea' id='block_1_1' title="bbox 420 442 1254 564">
    <p class='ocr_par' dir='ltr' id='par_1_1' title="bbox 420 442 1254 564">
     <span class='ocr_line' id='line_1_1' title="bbox 420 442 1254 564; baseline -0.004 -24"><span class='ocrx_word' id='word_1_1' title='bbox 420 561 421 564; x_wconf 5' lang='lat' dir='ltr'><strong>g</strong></span> <span class='ocrx_word' id='word_1_2' title='bbox 468 483 642 540; x_wconf 82' lang='lat' dir='ltr'><strong>connum</strong></span> <span class='ocrx_word' id='word_1_3' title='bbox 661 483 818 540; x_wconf 74' lang='lat' dir='ltr'><strong>annone</strong></span> <span class='ocrx_word' id='word_1_4' title='bbox 839 483 1030 539; x_wconf 73' lang='lat' dir='ltr'><strong>emmas.</strong></span> <span class='ocrx_word' id='word_1_5' title='bbox 1140 442 1141 446; x_wconf 8' lang='grc' dir='ltr'><strong><em>Ν</em></strong></span> <span class='ocrx_word' id='word_1_6' title='bbox 1219 480 1254 538; x_wconf 72' lang='grc' dir='ltr'><strong>ει</strong></span> 
     </span>
    </p>
   </div>
   <div class='ocr_carea' id='block_1_2' title="bbox 138 597 1533 2469">
    <p class='ocr_par' dir='ltr' id='par_1_2' title="bbox 138 597 1533 2470">
     <span class='ocr_line' id='line_1_2' title="bbox 231 597 1258 704; baseline 0.004 -26"><span class='ocrx_word' id='word_1_7' title='bbox 231 611 393 697; x_wconf 86' lang='lat' dir='ltr'><strong>disnessit,</strong></span> <span class='ocrx_word' id='word_1_8' title='bbox 409 633 508 703; x_wconf 88' lang='lat' dir='ltr'><strong>quam</strong></span> <span class='ocrx_word' id='word_1_9' title='bbox 528 623 632 678; x_wconf 88' lang='lat' dir='ltr'><strong>totam</strong></span> <span class='ocrx_word' id='word_1_10' title='bbox 651 607 792 678; x_wconf 90' lang='lat' dir='ltr'><strong>insulam</strong></span> <span class='ocrx_word' id='word_1_11' title='bbox 809 606 895 677; x_wconf 90' lang='lat' dir='ltr'><strong>hello</strong></span> <span class='ocrx_word' id='word_1_12' title='bbox 916 597 1117 698; x_wconf 71' lang='lat' dir='ltr'><strong>devinceret,</strong></span> <span class='ocrx_word' id='word_1_13' title='bbox 1133 634 1199 704; x_wconf 89' lang='lat' dir='ltr'><strong>qua</strong></span> <span class='ocrx_word' id='word_1_14' title='bbox 1217 637 1258 682; x_wconf 84' lang='lat' dir='ltr'><strong>ex</strong></span> 
     </span>
     <span class='ocr_line' id='line_1_3' title="bbox 231 721 1266 821; baseline 0.002 -25"><span class='ocrx_word' id='word_1_15' title='bbox 231 753 268 797; x_wconf 91' lang='lat' dir='ltr'><strong>re</strong></span> <span class='ocrx_word' id='word_1_16' title='bbox 291 727 503 797; x_wconf 83' lang='lat' dir='ltr'><strong>Athenienses</strong></span> <span class='ocrx_word' id='word_1_17' title='bbox 524 721 679 821; x_wconf 86' lang='lat' dir='ltr'><strong>¹magnam</strong></span> <span class='ocrx_word' id='word_1_18' title='bbox 704 726 842 821; x_wconf 80' lang='lat' dir='ltr'><strong>gloriam</strong></span> <span class='ocrx_word' id='word_1_19' title='bbox 871 740 947 795; x_wconf 88' lang='lat' dir='ltr'><strong>sunt</strong></span> <span class='ocrx_word' id='word_1_20' title='bbox 969 726 1088 820; x_wconf 86' lang='lat' dir='ltr'><strong>adepti.</strong></span> <span class='ocrx_word' id='word_1_21' title='bbox 1117 730 1266 798; x_wconf 48' lang='lat' dir='ltr'><strong>Interim¹</strong></span> 
     </span>
     <span class='ocr_line' id='line_1_4' title="bbox 230 843 1256 939; baseline 0.004 -25"><span class='ocrx_word' id='word_1_22' title='bbox 230 845 351 914; x_wconf 90' lang='lat' dir='ltr'><strong>bellum</strong></span> <span class='ocrx_word' id='word_1_23' title='bbox 375 847 460 914; x_wconf 90' lang='lat' dir='ltr'><strong>inter</strong></span> <span class='ocrx_word' id='word_1_24' title='bbox 482 846 651 939; x_wconf 86' lang='lat' dir='ltr'><strong>AEgyptios</strong></span> <span class='ocrx_word' id='word_1_25' title='bbox 676 859 709 912; x_wconf 91' lang='lat' dir='ltr'><strong>et</strong></span> <span class='ocrx_word' id='word_1_26' title='bbox 731 848 844 914; x_wconf 90' lang='lat' dir='ltr'><strong>Persas</strong></span> <span class='ocrx_word' id='word_1_27' title='bbox 869 843 1047 913; x_wconf 88' lang='lat' dir='ltr'><strong>conflatum</strong></span> <span class='ocrx_word' id='word_1_28' title='bbox 1074 860 1132 915; x_wconf 88' lang='lat' dir='ltr'><strong>est.</strong></span> <span class='ocrx_word' id='word_1_29' title='bbox 1156 848 1256 919; x_wconf 91' lang='lat' dir='ltr'><strong>Athe·</strong></span> 
     </span>
     <span class='ocr_line' id='line_1_5' title="bbox 138 962 1256 1058; baseline 0.004 -28"><span class='ocrx_word' id='word_1_30' title='bbox 138 1033 140 1046; x_wconf 67' lang='grc'>,</span> <span class='ocrx_word' id='word_1_31' title='bbox 229 965 356 1032; x_wconf 89' lang='lat' dir='ltr'><strong>nienses</strong></span> <span class='ocrx_word' id='word_1_32' title='bbox 382 989 457 1032; x_wconf 89' lang='lat' dir='ltr'><strong>cum</strong></span> <span class='ocrx_word' id='word_1_33' title='bbox 483 967 662 1058; x_wconf 68' lang='lat' dir='ltr'><strong>Artaxerxe</strong></span> <span class='ocrx_word' id='word_1_34' title='bbox 687 963 875 1030; x_wconf 87' lang='lat' dir='ltr'><strong>societatem</strong></span> <span class='ocrx_word' id='word_1_35' title='bbox 900 962 1082 1052; x_wconf 88' lang='lat' dir='ltr'><strong>habebant,</strong></span> <span class='ocrx_word' id='word_1_36' title='bbox 1104 965 1256 1035; x_wconf 81' lang='lat' dir='ltr'><strong>Lacedae·</strong></span> 
     </span>
     <span class='ocr_line' id='line_1_6' title="bbox 231 1081 1257 1181; baseline 0 -29"><span class='ocrx_word' id='word_1_37' title='bbox 231 1083 331 1152; x_wconf 90' lang='lat' dir='ltr'><strong>monii</strong></span> <span class='ocrx_word' id='word_1_38' title='bbox 355 1107 432 1150; x_wconf 85' lang='lat' dir='ltr'><strong>curn</strong></span> <span class='ocrx_word' id='word_1_39' title='bbox 453 1081 636 1181; x_wconf 82' lang='lat' dir='ltr'><strong>AEgyptiis:</strong></span> <span class='ocrx_word' id='word_1_40' title='bbox 658 1105 676 1148; x_wconf 88' lang='lat' dir='ltr'><strong>a</strong></span> <span class='ocrx_word' id='word_1_41' title='bbox 698 1081 816 1172; x_wconf 92' lang='lat' dir='ltr'><strong>quibus</strong></span> <span class='ocrx_word' id='word_1_42' title='bbox 842 1105 977 1175; x_wconf 88' lang='lat' dir='ltr'><strong>magnas</strong></span> <span class='ocrx_word' id='word_1_43' title='bbox 998 1083 1122 1176; x_wconf 76' lang='lat' dir='ltr'><strong>praedas</strong></span> <span class='ocrx_word' id='word_1_44' title='bbox 1143 1087 1257 1179; x_wconf 86' lang='lat' dir='ltr'><strong>Agesi-</strong></span> 
     </span>
     <span class='ocr_line' id='line_1_7' title="bbox 227 1195 1259 1297; baseline 0.006 -29"><span class='ocrx_word' id='word_1_45' title='bbox 227 1200 318 1286; x_wconf 82' lang='lat' dir='ltr'>laus,</span> <span class='ocrx_word' id='word_1_46' title='bbox 339 1224 397 1266; x_wconf 82' lang='lat' dir='ltr'><strong>rex</strong></span> <span class='ocrx_word' id='word_1_47' title='bbox 419 1195 553 1284; x_wconf 82' lang='lat' dir='ltr'><strong>eorum,</strong></span> <span class='ocrx_word' id='word_1_48' title='bbox 574 1198 722 1267; x_wconf 85' lang='lat' dir='ltr'><strong>faciebat.</strong></span> <span class='ocrx_word' id='word_1_49' title='bbox 745 1199 784 1266; x_wconf 95' lang='lat' dir='ltr'><strong>Id</strong></span> <span class='ocrx_word' id='word_1_50' title='bbox 806 1201 936 1268; x_wconf 91' lang='lat' dir='ltr'><strong>intuens</strong></span> <span class='ocrx_word' id='word_1_51' title='bbox 957 1202 1130 1288; x_wconf 82' lang='lat' dir='ltr'><strong>Chabrias,</strong></span> <span class='ocrx_word' id='word_1_52' title='bbox 1151 1223 1259 1297; x_wconf 72' lang='lat' dir='ltr'><strong>quum,</strong></span> 
     </span>
     <span class='ocr_line' id='line_1_8' title="bbox 226 1316 1255 1418; baseline 0.007 -32"><span class='ocrx_word' id='word_1_53' title='bbox 226 1321 263 1388; x_wconf 89' lang='lat' dir='ltr'><strong>in</strong></span> <span class='ocrx_word' id='word_1_54' title='bbox 286 1343 321 1387; x_wconf 91' lang='lat' dir='ltr'><strong>re</strong></span> <span class='ocrx_word' id='word_1_55' title='bbox 346 1318 436 1387; x_wconf 91' lang='lat' dir='ltr'><strong>nulla</strong></span> <span class='ocrx_word' id='word_1_56' title='bbox 458 1316 610 1412; x_wconf 80' lang='lat' dir='ltr'><strong>Agesilao</strong></span> <span class='ocrx_word' id='word_1_57' title='bbox 634 1317 780 1404; x_wconf 87' lang='lat' dir='ltr'><strong>eederet,</strong></span> <span class='ocrx_word' id='word_1_58' title='bbox 804 1343 861 1387; x_wconf 88' lang='lat' dir='ltr'><strong>sua</strong></span> <span class='ocrx_word' id='word_1_59' title='bbox 885 1333 1001 1414; x_wconf 90' lang='lat' dir='ltr'><strong>sponte</strong></span> <span class='ocrx_word' id='word_1_60' title='bbox 1027 1345 1083 1390; x_wconf 86' lang='lat' dir='ltr'><strong>eos</strong></span> <span class='ocrx_word' id='word_1_61' title='bbox 1105 1323 1255 1418; x_wconf 89' lang='lat' dir='ltr'><strong>adjutum</strong></span> 
     </span>
     <span class='ocr_line' id='line_1_9' title="bbox 224 1421 1255 1538; baseline 0.003 -31"><span class='ocrx_word' id='word_1_62' title='bbox 224 1421 413 1532; x_wconf 85' lang='lat' dir='ltr'><strong>profectus,</strong></span> <span class='ocrx_word' id='word_1_63' title='bbox 440 1437 599 1532; x_wconf 83' lang='lat' dir='ltr'><strong>AEgyptiae</strong></span> <span class='ocrx_word' id='word_1_64' title='bbox 622 1434 718 1538; x_wconf 82' lang='lat' dir='ltr'><strong>elassi</strong></span> <span class='ocrx_word' id='word_1_65' title='bbox 746 1436 895 1529; x_wconf 82' lang='lat' dir='ltr'><strong>praeluit3</strong></span> <span class='ocrx_word' id='word_1_66' title='bbox 921 1438 1125 1532; x_wconf 85' lang='lat' dir='ltr'><strong>pedestribus</strong></span> <span class='ocrx_word' id='word_1_67' title='bbox 1140 1444 1255 1536; x_wconf 82' lang='lat' dir='ltr'><strong>eopiis</strong></span> 
     </span>
     <span class='ocr_line' id='line_1_10' title="bbox 225 1556 405 1650; baseline -0.011 -24"><span class='ocrx_word' id='word_1_68' title='bbox 225 1556 405 1650; x_wconf 77' lang='lat' dir='ltr'><strong>Agesilaus.</strong></span> 
     </span>
     <span class='ocr_line' id='line_1_11' title="bbox 273 1673 1256 1770; baseline 0.005 -26"><span class='ocrx_word' id='word_1_69' title='bbox 273 1676 330 1744; x_wconf 82' lang='lat'>111.</span> <span class='ocrx_word' id='word_1_70' title='bbox 356 1679 441 1745; x_wconf 90' lang='lat' dir='ltr'><strong>Turn</strong></span> <span class='ocrx_word' id='word_1_71' title='bbox 455 1677 597 1770; x_wconf 82' lang='lat' dir='ltr'><strong>praelecti</strong></span> <span class='ocrx_word' id='word_1_72' title='bbox 613 1675 698 1770; x_wconf 89' lang='lat' dir='ltr'><strong>regis</strong></span> <span class='ocrx_word' id='word_1_73' title='bbox 712 1677 828 1744; x_wconf 82' lang='lat' dir='ltr'><strong>Persiae</strong></span> <span class='ocrx_word' id='word_1_74' title='bbox 844 1673 966 1770; x_wconf 85' lang='lat' dir='ltr'><strong>legatos</strong></span> <span class='ocrx_word' id='word_1_75' title='bbox 980 1680 1141 1747; x_wconf 88' lang='lat' dir='ltr'><strong>miserunt</strong></span> <span class='ocrx_word' id='word_1_76' title='bbox 1153 1679 1256 1749; x_wconf 83' lang='lat' dir='ltr'><strong>Athe·</strong></span> 
     </span>
     <span class='ocr_line' id='line_1_12' title="bbox 225 1793 1253 1891; baseline 0.005 -29"><span class='ocrx_word' id='word_1_77' title='bbox 225 1819 284 1864; x_wconf 88' lang='lat' dir='ltr'><strong>nas</strong></span> <span class='ocrx_word' id='word_1_78' title='bbox 309 1809 476 1888; x_wconf 89' lang='lat' dir='ltr'><strong>questum,</strong></span> <span class='ocrx_word' id='word_1_79' title='bbox 501 1795 590 1888; x_wconf 89' lang='lat' dir='ltr'><strong>quod</strong></span> <span class='ocrx_word' id='word_1_80' title='bbox 614 1793 772 1863; x_wconf 89' lang='lat' dir='ltr'><strong>Chabrias</strong></span> <span class='ocrx_word' id='word_1_81' title='bbox 795 1793 968 1864; x_wconf 85' lang='lat' dir='ltr'><strong>adversum</strong></span> <span class='ocrx_word' id='word_1_82' title='bbox 994 1821 1104 1891; x_wconf 89' lang='lat' dir='ltr'><strong>regem</strong></span> <span class='ocrx_word' id='word_1_83' title='bbox 1130 1797 1253 1867; x_wconf 91' lang='lat' dir='ltr'><strong>bellum</strong></span> 
     </span>
     <span class='ocr_line' id='line_1_13' title="bbox 225 1911 1255 2010; baseline 0.005 -29"><span class='ocrx_word' id='word_1_84' title='bbox 225 1927 353 2005; x_wconf 82' lang='lat' dir='ltr'><strong>gereret</strong></span> <span class='ocrx_word' id='word_1_85' title='bbox 366 1938 440 1981; x_wconf 89' lang='lat' dir='ltr'><strong>eum</strong></span> <span class='ocrx_word' id='word_1_86' title='bbox 455 1913 624 2006; x_wconf 89' lang='lat' dir='ltr'><strong>AEgyptiis.</strong></span> <span class='ocrx_word' id='word_1_87' title='bbox 641 1913 853 2010; x_wconf 80' lang='lat' dir='ltr'><strong>Athenienses</strong></span> <span class='ocrx_word' id='word_1_88' title='bbox 867 1911 953 1981; x_wconf 91' lang='lat' dir='ltr'><strong>diem</strong></span> <span class='ocrx_word' id='word_1_89' title='bbox 964 1929 1087 1982; x_wconf 89' lang='lat' dir='ltr'><strong>certam</strong></span> <span class='ocrx_word' id='word_1_90' title='bbox 1104 1917 1255 1986; x_wconf 82' lang='lat' dir='ltr'><strong>Chabriae</strong></span> 
     </span>
     <span class='ocr_line' id='line_1_14' title="bbox 227 2019 1255 2128; baseline 0.008 -30"><span class='ocrx_word' id='word_1_91' title='bbox 227 2032 490 2124; x_wconf 70' lang='lat' dir='ltr'><strong>praestituerunt,</strong></span> <span class='ocrx_word' id='word_1_92' title='bbox 510 2055 609 2123; x_wconf 85' lang='lat' dir='ltr'><strong>quam</strong></span> <span class='ocrx_word' id='word_1_93' title='bbox 628 2045 705 2099; x_wconf 89' lang='lat' dir='ltr'><strong>ante</strong></span> <span class='ocrx_word' id='word_1_94' title='bbox 727 2019 861 2099; x_wconf 85' lang='lat' dir='ltr'><strong>domurn</strong></span> <span class='ocrx_word' id='word_1_95' title='bbox 884 2032 946 2098; x_wconf 89' lang='lat' dir='ltr'><strong>nisi</strong></span> <span class='ocrx_word' id='word_1_96' title='bbox 968 2032 1118 2119; x_wconf 89' lang='lat' dir='ltr'><strong>redisset,</strong></span> <span class='ocrx_word' id='word_1_97' title='bbox 1138 2036 1255 2128; x_wconf 87' lang='lat' dir='ltr'><strong>capitis</strong></span> 
     </span>
     <span class='ocr_line' id='line_1_15' title="bbox 227 2147 1276 2252; baseline 0.003 -34"><span class='ocrx_word' id='word_1_98' title='bbox 227 2175 261 2218; x_wconf 92' lang='lat' dir='ltr'><strong>se</strong></span> <span class='ocrx_word' id='word_1_99' title='bbox 274 2148 368 2216; x_wconf 90' lang='lat' dir='ltr'><strong>illum</strong></span> <span class='ocrx_word' id='word_1_100' title='bbox 382 2147 593 2249; x_wconf 68' lang='lat' dir='ltr'><strong>damnaturos</strong></span> <span class='ocrx_word' id='word_1_101' title='bbox 609 2148 855 2217; x_wconf 84' lang='lat' dir='ltr'><strong>denuntiarunt.</strong></span> <span class='ocrx_word' id='word_1_102' title='bbox 870 2154 941 2252; x_wconf 84' lang='lat' dir='ltr'><strong>Hoc</strong></span> <span class='ocrx_word' id='word_1_103' title='bbox 952 2148 1006 2218; x_wconf 91' lang='lat' dir='ltr'><strong>ille</strong></span> <span class='ocrx_word' id='word_1_104' title='bbox 1021 2153 1138 2220; x_wconf 91' lang='lat' dir='ltr'><strong>nuntio</strong></span> <span class='ocrx_word' id='word_1_105' title='bbox 1153 2153 1255 2222; x_wconf 88' lang='lat' dir='ltr'><strong>Athe·</strong></span> <span class='ocrx_word' id='word_1_106' title='bbox 1269 2217 1276 2252; x_wconf 71' lang='lat' dir='ltr'><strong>r</strong></span> 
     </span>
     <span class='ocr_line' id='line_1_16' title="bbox 230 2259 1533 2390; baseline 0.005 -56"><span class='ocrx_word' id='word_1_107' title='bbox 230 2290 286 2334; x_wconf 90' lang='lat' dir='ltr'><strong>nas</strong></span> <span class='ocrx_word' id='word_1_108' title='bbox 305 2265 420 2353; x_wconf 88' lang='lat' dir='ltr'><strong>rediit;</strong></span> <span class='ocrx_word' id='word_1_109' title='bbox 437 2291 543 2368; x_wconf 89' lang='lat' dir='ltr'><strong>neque</strong></span> <span class='ocrx_word' id='word_1_110' title='bbox 562 2267 607 2335; x_wconf 92' lang='lat' dir='ltr'><strong>ibi</strong></span> <span class='ocrx_word' id='word_1_111' title='bbox 624 2266 745 2334; x_wconf 90' lang='lat' dir='ltr'><strong>diutius</strong></span> <span class='ocrx_word' id='word_1_112' title='bbox 758 2281 805 2335; x_wconf 89' lang='lat' dir='ltr'><strong>est</strong></span> <span class='ocrx_word' id='word_1_113' title='bbox 821 2282 983 2356; x_wconf 84' lang='lat' dir='ltr'><strong>moratus,</strong></span> <span class='ocrx_word' id='word_1_114' title='bbox 1001 2293 1099 2361; x_wconf 88' lang='lat' dir='ltr'><strong>quam</strong></span> <span class='ocrx_word' id='word_1_115' title='bbox 1118 2270 1181 2338; x_wconf 87' lang='lat' dir='ltr'><strong>fuit</strong></span> <span class='ocrx_word' id='word_1_116' title='bbox 1198 2296 1255 2340; x_wconf 89' lang='lat' dir='ltr'><strong>ne·</strong></span> <span class='ocrx_word' id='word_1_117' title='bbox 1268 2259 1274 2357; x_wconf 78' lang='lat' dir='ltr'><strong>l</strong></span> <span class='ocrx_word' id='word_1_118' title='bbox 1282 2267 1347 2390; x_wconf 54' lang='lat' dir='ltr'><em>d</em></span> <span class='ocrx_word' id='word_1_119' title='bbox 1363 2270 1533 2390; x_wconf 47' lang='lat' dir='ltr'><strong>My),</strong></span> 
     </span>
     <span class='ocr_line' id='line_1_17' title="bbox 227 2361 1457 2469; baseline 0.005 -16"><span class='ocrx_word' id='word_1_120' title='bbox 227 2410 322 2454; x_wconf 90' lang='lat' dir='ltr'><strong>cesse.</strong></span> <span class='ocrx_word' id='word_1_121' title='bbox 344 2387 420 2454; x_wconf 87' lang='lat' dir='ltr'><strong>Non</strong></span> <span class='ocrx_word' id='word_1_122' title='bbox 440 2386 532 2454; x_wconf 86' lang='lat' dir='ltr'><strong>enim·</strong></span> <span class='ocrx_word' id='word_1_123' title='bbox 547 2385 688 2455; x_wconf 89' lang='lat' dir='ltr'><strong>libenter</strong></span> <span class='ocrx_word' id='word_1_124' title='bbox 706 2400 777 2454; x_wconf 88' lang='lat' dir='ltr'><strong>erat</strong></span> <span class='ocrx_word' id='word_1_125' title='bbox 802 2400 878 2455; x_wconf 90' lang='lat' dir='ltr'><strong>ante</strong></span> <span class='ocrx_word' id='word_1_126' title='bbox 899 2384 1009 2455; x_wconf 88' lang='lat' dir='ltr'><strong>oeulos</strong></span> <span class='ocrx_word' id='word_1_127' title='bbox 1034 2389 1156 2456; x_wconf 87' lang='lat' dir='ltr'><strong>civium</strong></span> <span class='ocrx_word' id='word_1_128' title='bbox 1179 2415 1254 2458; x_wconf 92' lang='lat' dir='ltr'><strong>suo·</strong></span> <span class='ocrx_word' id='word_1_129' title='bbox 1290 2367 1324 2469; x_wconf 55' lang='lat' dir='ltr'><em>f</em></span> <span class='ocrx_word' id='word_1_130' title='bbox 1337 2361 1345 2380; x_wconf 47' lang='lat'>⁸</span> <span class='ocrx_word' id='word_1_131' title='bbox 1449 2365 1457 2390; x_wconf 41' lang='grc' dir='ltr'>ι</span> 
     </span>
    </p>
   </div>
   <div class='ocr_carea' id='block_1_3' title="bbox 226 2449 1573 2632">
    <p class='ocr_par' dir='ltr' id='par_1_3' title="bbox 226 2449 1573 2632">
     <span class='ocr_line' id='line_1_18' title="bbox 226 2449 1573 2632; baseline -0.001 -58"><span class='ocrx_word' id='word_1_132' title='bbox 226 2529 319 2574; x_wconf 90' lang='lat' dir='ltr'><strong>rurn:</strong></span> <span class='ocrx_word' id='word_1_133' title='bbox 335 2478 424 2598; x_wconf 74' lang='lat' dir='ltr'><strong>qued</strong></span> <span class='ocrx_word' id='word_1_134' title='bbox 438 2519 472 2574; x_wconf 87' lang='lat' dir='ltr'><strong>et</strong></span> <span class='ocrx_word' id='word_1_135' title='bbox 483 2505 611 2575; x_wconf 88' lang='lat' dir='ltr'><strong>vivebat</strong></span> <span class='ocrx_word' id='word_1_136' title='bbox 626 2504 729 2591; x_wconf 87' lang='lat' dir='ltr'><strong>laute,</strong></span> <span class='ocrx_word' id='word_1_137' title='bbox 743 2519 776 2572; x_wconf 92' lang='lat' dir='ltr'><strong>et</strong></span> <span class='ocrx_word' id='word_1_138' title='bbox 791 2503 981 2599; x_wconf 88' lang='lat' dir='ltr'><strong>indulgebat</strong></span> <span class='ocrx_word' id='word_1_139' title='bbox 994 2507 1055 2574; x_wconf 88' lang='lat' dir='ltr'><strong>sibi</strong></span> <span class='ocrx_word' id='word_1_140' title='bbox 1070 2505 1254 2597; x_wconf 89' lang='lat' dir='ltr'><strong>liberalius,</strong></span> <span class='ocrx_word' id='word_1_141' title='bbox 1273 2471 1328 2617; x_wconf 47' lang='grc' dir='ltr'><strong>ἔθ’</strong></span> <span class='ocrx_word' id='word_1_142' title='bbox 1343 2460 1413 2632; x_wconf 39' lang='lat' dir='ltr'><strong>ff·</strong></span> <span class='ocrx_word' id='word_1_143' title='bbox 1433 2454 1525 2552; x_wconf 57' lang='lat'><strong>532</strong></span> <span class='ocrx_word' id='word_1_144' title='bbox 1537 2449 1573 2555; x_wconf 55' lang='grc' dir='ltr'><em>Δ</em></span> 
     </span>
    </p>
   </div>
   <div class='ocr_carea' id='block_1_4' title="bbox 224 2621 1599 3080">
    <p class='ocr_par' dir='ltr' id='par_1_4' title="bbox 224 2621 1599 2956">
     <span class='ocr_line' id='line_1_19' title="bbox 225 2621 1497 2784; baseline -0.022 -92"><span class='ocrx_word' id='word_1_145' title='bbox 225 2648 323 2717; x_wconf 86' lang='lat' dir='ltr'><strong>quam</strong></span> <span class='ocrx_word' id='word_1_146' title='bbox 343 2639 380 2692; x_wconf 90' lang='lat' dir='ltr'><strong>ut</strong></span> <span class='ocrx_word' id='word_1_147' title='bbox 403 2625 558 2722; x_wconf 88' lang='lat' dir='ltr'><strong>invidiam</strong></span> <span class='ocrx_word' id='word_1_148' title='bbox 583 2621 674 2716; x_wconf 86' lang='lat' dir='ltr'><strong>vulgi</strong></span> <span class='ocrx_word' id='word_1_149' title='bbox 693 2638 804 2717; x_wconf 91' lang='lat' dir='ltr'><strong>posset</strong></span> <span class='ocrx_word' id='word_1_150' title='bbox 824 2623 976 2718; x_wconf 87' lang='lat' dir='ltr'><strong>effugere.</strong></span> <span class='ocrx_word' id='word_1_151' title='bbox 998 2629 1057 2693; x_wconf 88' lang='lat' dir='ltr'><strong>Est</strong></span> <span class='ocrx_word' id='word_1_152' title='bbox 1078 2627 1166 2694; x_wconf 89' lang='lat' dir='ltr'><strong>enim</strong></span> <span class='ocrx_word' id='word_1_153' title='bbox 1190 2627 1254 2698; x_wconf 90' lang='lat' dir='ltr'><strong>hoc</strong></span> <span class='ocrx_word' id='word_1_154' title='bbox 1275 2621 1342 2742; x_wconf 48' lang='grc' dir='ltr'><strong>ζῆ</strong></span> <span class='ocrx_word' id='word_1_155' title='bbox 1421 2627 1497 2784; x_wconf 41' lang='grc' dir='ltr'><strong>ἐγ),</strong></span> 
     </span>
     <span class='ocr_line' id='line_1_20' title="bbox 224 2683 1599 2860; baseline 0.004 -49"><span class='ocrx_word' id='word_1_156' title='bbox 224 2768 398 2812; x_wconf 87' lang='lat' dir='ltr'><strong>commune</strong></span> <span class='ocrx_word' id='word_1_157' title='bbox 424 2743 542 2812; x_wconf 88' lang='lat' dir='ltr'><strong>vitium</strong></span> <span class='ocrx_word' id='word_1_158' title='bbox 569 2744 604 2810; x_wconf 94' lang='lat' dir='ltr'><strong>in</strong></span> <span class='ocrx_word' id='word_1_159' title='bbox 628 2743 755 2836; x_wconf 86' lang='lat' dir='ltr'><strong>magnis</strong></span> <span class='ocrx_word' id='word_1_160' title='bbox 782 2742 957 2836; x_wconf 90' lang='lat' dir='ltr'><strong>liberisque</strong></span> <span class='ocrx_word' id='word_1_161' title='bbox 983 2745 1189 2834; x_wconf 87' lang='lat' dir='ltr'><strong>civitatibus,</strong></span> <span class='ocrx_word' id='word_1_162' title='bbox 1217 2763 1254 2818; x_wconf 86' lang='lat' dir='ltr'><strong>ut</strong></span> <span class='ocrx_word' id='word_1_163' title='bbox 1277 2717 1331 2860; x_wconf 52' lang='lat'><strong>{2⁹⁸</strong></span> <span class='ocrx_word' id='word_1_164' title='bbox 1409 2711 1440 2806; x_wconf 47' lang='lat' dir='ltr'><strong>r,</strong></span> <span class='ocrx_word' id='word_1_165' title='bbox 1501 2683 1549 2786; x_wconf 58' lang='lat'><strong>⁰7</strong></span> <span class='ocrx_word' id='word_1_166' title='bbox 1596 2768 1599 2775; x_wconf 63' lang='lat'><strong>⁴</strong></span> 
     </span>
     <span class='ocr_line' id='line_1_21' title="bbox 226 2853 1251 2956; baseline 0.008 -28"><span class='ocrx_word' id='word_1_167' title='bbox 226 2861 348 2930; x_wconf 92' lang='lat' dir='ltr'><strong>invidia</strong></span> <span class='ocrx_word' id='word_1_168' title='bbox 367 2853 478 2954; x_wconf 76' lang='lat' dir='ltr'><strong>gloriae</strong></span> <span class='ocrx_word' id='word_1_169' title='bbox 498 2885 606 2929; x_wconf 88' lang='lat' dir='ltr'><strong>comes</strong></span> <span class='ocrx_word' id='word_1_170' title='bbox 624 2862 692 2949; x_wconf 86' lang='lat' dir='ltr'><strong>sit,</strong></span> <span class='ocrx_word' id='word_1_171' title='bbox 705 2875 737 2930; x_wconf 92' lang='lat' dir='ltr'><strong>et</strong></span> <span class='ocrx_word' id='word_1_172' title='bbox 760 2860 900 2930; x_wconf 87' lang='lat' dir='ltr'><strong>libenter</strong></span> <span class='ocrx_word' id='word_1_173' title='bbox 922 2861 962 2930; x_wconf 91' lang='lat' dir='ltr'><strong>de</strong></span> <span class='ocrx_word' id='word_1_174' title='bbox 984 2863 1035 2934; x_wconf 89' lang='lat' dir='ltr'><strong>his</strong></span> <span class='ocrx_word' id='word_1_175' title='bbox 1057 2865 1251 2956; x_wconf 82' lang='lat' dir='ltr'><strong>detrahant,</strong></span> 
     </span>
    </p>

    <p class='ocr_par' dir='ltr' id='par_1_5' title="bbox 225 2978 1254 3080">
     <span class='ocr_line' id='line_1_22' title="bbox 225 2978 1254 3080; baseline 0.008 -33"><span class='ocrx_word' id='word_1_176' title='bbox 225 3003 306 3071; x_wconf 88' lang='lat' dir='ltr'><strong>quos</strong></span> <span class='ocrx_word' id='word_1_177' title='bbox 330 2981 473 3050; x_wconf 91' lang='lat' dir='ltr'><strong>eminere</strong></span> <span class='ocrx_word' id='word_1_178' title='bbox 497 2978 632 3048; x_wconf 88' lang='lat' dir='ltr'><strong>videant</strong></span> <span class='ocrx_word' id='word_1_179' title='bbox 656 2978 773 3048; x_wconf 90' lang='lat' dir='ltr'><strong>altius:</strong></span> <span class='ocrx_word' id='word_1_180' title='bbox 795 3005 901 3074; x_wconf 91' lang='lat' dir='ltr'><strong>neque</strong></span> <span class='ocrx_word' id='word_1_181' title='bbox 925 2983 1035 3051; x_wconf 89' lang='lat' dir='ltr'><strong>animo</strong></span> <span class='ocrx_word' id='word_1_182' title='bbox 1055 3009 1148 3076; x_wconf 85' lang='lat' dir='ltr'><strong>aequo</strong></span> <span class='ocrx_word' id='word_1_183' title='bbox 1173 3009 1254 3080; x_wconf 91' lang='lat' dir='ltr'><strong>pau-</strong></span> 
     </span>
    </p>
   </div>
   <div class='ocr_carea' id='block_1_5' title="bbox 112 3097 1292 4142">
    <p class='ocr_par' dir='ltr' id='par_1_6' title="bbox 225 3097 1286 3316">
     <span class='ocr_line' id='line_1_23' title="bbox 225 3097 1281 3198; baseline 0.006 -30"><span class='ocrx_word' id='word_1_184' title='bbox 225 3123 317 3191; x_wconf 89' lang='lat' dir='ltr'><strong>peres</strong></span> <span class='ocrx_word' id='word_1_185' title='bbox 341 3097 482 3192; x_wconf 87' lang='lat' dir='ltr'><strong>alienam</strong></span> <span class='ocrx_word' id='word_1_186' title='bbox 506 3098 713 3192; x_wconf 84' lang='lat' dir='ltr'><strong>opulentiam</strong></span> <span class='ocrx_word' id='word_1_187' title='bbox 738 3101 912 3193; x_wconf 88' lang='lat' dir='ltr'><strong>intuuntur</strong></span> <span class='ocrx_word' id='word_1_188' title='bbox 933 3102 1110 3186; x_wconf 80' lang='lat' dir='ltr'><strong>fortunam.</strong></span> <span class='ocrx_word' id='word_1_189' title='bbox 1138 3108 1281 3198; x_wconf 81' lang='lat' dir='ltr'><strong>Itaque¹</strong></span> 
     </span>
     <span class='ocr_line' id='line_1_24' title="bbox 225 3216 1253 3316; baseline 0.004 -28"><span class='ocrx_word' id='word_1_190' title='bbox 225 3218 402 3305; x_wconf 87' lang='lat' dir='ltr'><strong>Chabrias,</strong></span> <span class='ocrx_word' id='word_1_191' title='bbox 429 3218 537 3310; x_wconf 89' lang='lat' dir='ltr'><strong>quoad</strong></span> <span class='ocrx_word' id='word_1_192' title='bbox 565 3219 599 3286; x_wconf 89' lang='lat' dir='ltr'><strong>ei.</strong></span> <span class='ocrx_word' id='word_1_193' title='bbox 618 3216 757 3303; x_wconf 84' lang='lat' dir='ltr'><strong>licebat,</strong></span> <span class='ocrx_word' id='word_1_194' title='bbox 782 3217 961 3312; x_wconf 89' lang='lat' dir='ltr'><strong>plurimum</strong></span> <span class='ocrx_word' id='word_1_195' title='bbox 988 3221 1110 3289; x_wconf 89' lang='lat' dir='ltr'><strong>aberat.</strong></span> <span class='ocrx_word' id='word_1_196' title='bbox 1137 3224 1286 3316; x_wconf 88' lang='lat' dir='ltr'><strong>Neque</strong></span> 
     </span>
    </p>

    <p class='ocr_par' dir='ltr' id='par_1_7' title="bbox 112 3325 1292 4142">
     <span class='ocr_line' id='line_1_25' title="bbox 112 3325 1283 3424; baseline 0.005 -21"><span class='ocrx_word' id='word_1_197' title='bbox 112 3411 118 3416; x_wconf 45' lang='grc'><strong><em>,</em></strong></span> <span class='ocrx_word' id='word_1_198' title='bbox 226 3363 303 3406; x_wconf 86' lang='lat' dir='ltr'><strong>vero</strong></span> <span class='ocrx_word' id='word_1_199' title='bbox 321 3335 409 3406; x_wconf 92' lang='lat' dir='ltr'><strong>solus</strong></span> <span class='ocrx_word' id='word_1_200' title='bbox 428 3336 483 3404; x_wconf 95' lang='lat' dir='ltr'><strong>ille</strong></span> <span class='ocrx_word' id='word_1_201' title='bbox 506 3325 619 3406; x_wconf 78' lang='lat' dir='ltr'><strong>aberat</strong></span> <span class='ocrx_word' id='word_1_202' title='bbox 638 3337 776 3407; x_wconf 90' lang='lat' dir='ltr'><strong>Athenis</strong></span> <span class='ocrx_word' id='word_1_203' title='bbox 796 3337 950 3424; x_wconf 82' lang='lat' dir='ltr'><strong>libenter3</strong></span> <span class='ocrx_word' id='word_1_204' title='bbox 970 3339 1026 3408; x_wconf 92' lang='lat' dir='ltr'><strong>sed</strong></span> <span class='ocrx_word' id='word_1_205' title='bbox 1051 3366 1165 3409; x_wconf 88' lang='lat' dir='ltr'><strong>omnes</strong></span> <span class='ocrx_word' id='word_1_206' title='bbox 1185 3342 1253 3409; x_wconf 89' lang='lat' dir='ltr'><strong>fere</strong></span> <span class='ocrx_word' id='word_1_207' title='bbox 1278 3325 1283 3352; x_wconf 52' lang='lat'><strong><em>³</em></strong></span> 
     </span>
     <span class='ocr_line' id='line_1_26' title="bbox 224 3451 1279 3556; baseline 0.001 -29"><span class='ocrx_word' id='word_1_208' title='bbox 224 3459 388 3553; x_wconf 80' lang='lat' dir='ltr'><strong>principes</strong></span> <span class='ocrx_word' id='word_1_209' title='bbox 404 3455 551 3523; x_wconf 89' lang='lat' dir='ltr'><strong>fecerunt</strong></span> <span class='ocrx_word' id='word_1_210' title='bbox 568 3451 673 3526; x_wconf 80' lang='lat' dir='ltr'><strong>idern:</strong></span> <span class='ocrx_word' id='word_1_211' title='bbox 691 3455 779 3549; x_wconf 91' lang='lat' dir='ltr'><strong>quod</strong></span> <span class='ocrx_word' id='word_1_212' title='bbox 800 3470 928 3524; x_wconf 88' lang='lat' dir='ltr'><strong>tantum</strong></span> <span class='ocrx_word' id='word_1_213' title='bbox 945 3483 979 3526; x_wconf 89' lang='lat' dir='ltr'><strong>se</strong></span> <span class='ocrx_word' id='word_1_214' title='bbox 996 3459 1036 3524; x_wconf 88' lang='lat' dir='ltr'><strong>ab</strong></span> <span class='ocrx_word' id='word_1_215' title='bbox 1054 3459 1176 3527; x_wconf 88' lang='lat' dir='ltr'><strong>invidia</strong></span> <span class='ocrx_word' id='word_1_216' title='bbox 1193 3484 1254 3553; x_wconf 93' lang='lat' dir='ltr'><strong>pu·</strong></span> <span class='ocrx_word' id='word_1_217' title='bbox 1274 3485 1279 3556; x_wconf 58' lang='lat' dir='ltr'><strong><em>g</em></strong></span> 
     </span>
     <span class='ocr_line' id='line_1_27' title="bbox 225 3559 1283 3668; baseline 0.006 -27"><span class='ocrx_word' id='word_1_218' title='bbox 225 3573 337 3644; x_wconf 89' lang='lat' dir='ltr'><strong>tabant</strong></span> <span class='ocrx_word' id='word_1_219' title='bbox 357 3573 504 3658; x_wconf 85' lang='lat' dir='ltr'><strong>hrturos,</strong></span> <span class='ocrx_word' id='word_1_220' title='bbox 524 3588 685 3666; x_wconf 88' lang='lat' dir='ltr'><strong>quantum</strong></span> <span class='ocrx_word' id='word_1_221' title='bbox 709 3599 728 3642; x_wconf 90' lang='lat' dir='ltr'><strong>a</strong></span> <span class='ocrx_word' id='word_1_222' title='bbox 750 3589 926 3668; x_wconf 89' lang='lat' dir='ltr'><strong>conspectu</strong></span> <span class='ocrx_word' id='word_1_223' title='bbox 948 3600 1083 3645; x_wconf 89' lang='lat' dir='ltr'><strong>suorurn</strong></span> <span class='ocrx_word' id='word_1_224' title='bbox 1105 3559 1283 3660; x_wconf 70' lang='lat' dir='ltr'><strong>recessu-l</strong></span> 
     </span>
     <span class='ocr_line' id='line_1_28' title="bbox 224 3690 1252 3796; baseline 0.003 -4"><span class='ocrx_word' id='word_1_225' title='bbox 224 3705 303 3760; x_wconf 72' lang='lat' dir='ltr'><strong>sent·</strong></span> <span class='ocrx_word' id='word_1_226' title='bbox 319 3690 436 3784; x_wconf 65' lang='lat' dir='ltr'><strong>une</strong></span> <span class='ocrx_word' id='word_1_227' title='bbox 451 3692 569 3760; x_wconf 77' lang='lat'>⁰011011</span> <span class='ocrx_word' id='word_1_228' title='bbox 590 3691 1252 3796; x_wconf 54' lang='lat' dir='ltr'><strong>r¹riereenarnnastraeasm</strong></span> 
     </span>
     <span class='ocr_line' id='line_1_29' title="bbox 221 3783 1291 3916; baseline 0.005 -39"><span class='ocrx_word' id='word_1_229' title='bbox 221 3783 736 3916; x_wconf 49' lang='lat' dir='ltr'><strong>&#39;thracffl&#39;i‘ffidtbinl&#39;ie‘shn</strong></span> <span class='ocrx_word' id='word_1_230' title='bbox 755 3813 878 3882; x_wconf 89' lang='lat' dir='ltr'><strong>Chares</strong></span> <span class='ocrx_word' id='word_1_231' title='bbox 902 3814 937 3880; x_wconf 91' lang='lat' dir='ltr'><strong>in</strong></span> <span class='ocrx_word' id='word_1_232' title='bbox 961 3814 1076 3907; x_wconf 85' lang='lat' dir='ltr'><strong>Sigaeo.</strong></span> <span class='ocrx_word' id='word_1_233' title='bbox 1098 3793 1291 3896; x_wconf 70' lang='grc' dir='ltr'><strong>Βίεείιηί-.ἷ</strong></span> 
     </span>
     <span class='ocr_line' id='line_1_30' title="bbox 222 3901 1292 4021; baseline 0.005 -27"><span class='ocrx_word' id='word_1_234' title='bbox 222 3926 261 3996; x_wconf 76' lang='lat' dir='ltr'><strong>n</strong></span> <span class='ocrx_word' id='word_1_235' title='bbox 274 3904 1128 4021; x_wconf 50' lang='lat' dir='ltr'><strong>qurtsnetffituataruuattestatae</strong></span> <span class='ocrx_word' id='word_1_236' title='bbox 1143 3920 1249 4000; x_wconf 58' lang='lat' dir='ltr'><strong>rame„</strong></span> <span class='ocrx_word' id='word_1_237' title='bbox 1282 3901 1292 3942; x_wconf 41' lang='grc' dir='ltr'><strong><em>ὲ</em></strong></span> 
     </span>
     <span class='ocr_line' id='line_1_31' title="bbox 224 4045 794 4142; baseline 0.007 -28"><span class='ocrx_word' id='word_1_238' title='bbox 224 4045 358 4116; x_wconf 92' lang='lat' dir='ltr'><strong>Athenis</strong></span> <span class='ocrx_word' id='word_1_239' title='bbox 374 4064 405 4128; x_wconf 79' lang='lat' dir='ltr'><strong>et</strong></span> <span class='ocrx_word' id='word_1_240' title='bbox 420 4049 601 4118; x_wconf 84' lang='lat' dir='ltr'><strong>honoratus</strong></span> <span class='ocrx_word' id='word_1_241' title='bbox 620 4061 652 4116; x_wconf 87' lang='lat' dir='ltr'><strong>et</strong></span> <span class='ocrx_word' id='word_1_242' title='bbox 668 4063 794 4142; x_wconf 89' lang='lat' dir='ltr'><strong>potens.</strong></span> 
     </span>
    </p>
   </div>
   <div class='ocr_carea' id='block_1_6' title="bbox 0 0 1604 5174">
    <p class='ocr_par' dir='ltr' id='par_1_8' title="bbox 0 0 1604 5174">
     <span class='ocr_line' id='line_1_32' title="bbox 0 0 1604 5174; baseline 0 2"><span class='ocrx_word' id='word_1_243' title='bbox 0 0 1604 5174; x_wconf 95' lang='lat' dir='ltr'><strong> </strong></span> 
     </span>
    </p>
   </div>
  </div>
 </body>
</html>
