3168 5048
373 451 426 508 152
713 453 889 510 CORNELII
908 451 1063 508 nurorts

418 578 599 650 Alexander
626 582 769 673 Magnus
797 544 893 646 Pellae
923 578 1044 661 oritur,
1075 589 1112 642 ut
1144 577 1254 668 Nepos
1283 572 1448 662 edidit,

370 701 416 766 Μ.
449 698 549 766 Fabio
578 698 754 783 Ambusto,
784 699 858 766 Tito
891 696 1050 783 Quinctio
1086 691 1275 786 Capitolino
1305 716 1443 779 coss„

370 831 445 912 post
472 817 612 886 Romam
637 815 803 885 conditam
831 840 919 884 anuo
946 813 1173 882 trecentesimo
1199 812 1444 902 octogesimo

227 961 231 972 ¹
371 938 496 1028 quinto.
513 935 615 1006 Soltit.
634 935 795 1029 Polyhist.
814 959 843 1004 c.
863 957 914 1001 xe.

418 1058 452 1122 Ρ.
473 1055 645 1123 Terentius
665 1054 805 1121 maxime
825 1050 1028 1120 familiariter
1049 1051 1129 1118 vixit
1151 1074 1227 1118 curn
1248 1049 1438 1142 Scipione

272 1159 274 1162 ⁵
371 1173 544 1258 Africano,
566 1187 599 1240 et
621 1173 658 1240 C.
681 1171 794 1254 laelio,
818 1185 900 1257 etc,
923 1171 1071 1261 quamvis
1094 1166 1268 1238 Cornelius
1290 1170 1434 1262 Nepos

370 1290 509 1384 aequales
526 1289 625 1360 finisse
641 1289 760 1360 tradat.
778 1293 946 1372 Donatus,
966 1290 1000 1356 iu
1021 1291 1104 1358 Vita
1127 1287 1280 1356 Terentii.

673 1567 885 1636 connum
909 1549 1097 1634 unronts

711 1738 1008 1820 nxnrarnonun'un.
1026 1772 1059 1818 u.

420 1993 771 2088 ILAvirgiueVestale.
781 1989 1310 2089 Sospaeerctan'sars,·tih.1‚col
1323 2017 1337 2060 r
1352 2019 1408 2089 19.

374 2112 510 2182 Putsclt.

826 2246 898 2290 ΜΒ.
919 2246 951 2288 V.

418 2447 590 2518 Cornelius
608 2451 719 2543 Nepos
736 2451 771 2516 in
790 2448 874 2516 libro
892 2446 1116 2543 exemplorum
1134 2449 1250 2540 quinto
1267 2447 1301 2514 id
1319 2473 1409 2541 quo-

371 2592 436 2659 que
453 2566 569 2636 litteris
590 2568 776 2655 mandavit,
797 2567 908 2637 multis
928 2570 963 2636 in
982 2582 1097 2637 senatu
1114 2566 1290 2662 placuisse,
1308 2582 1347 2635 ut
1365 2571 1409 2654 ii,

372 2688 430 2779 qui
452 2686 558 2755 redire
576 2685 715 2775 nollent,
738 2687 821 2756 datis
839 2687 1031 2756 custodibus
1048 2681 1328 2756 ad'nannihalem
1346 2687 1409 2755 de·

372 2805 584 2892 ducerentur3
605 2805 750 2874 sedeam
773 2806 963 2873 sententiam
986 2830 1124 2874 numero
1148 2804 1309 2899 plurium,
1328 2809 1407 2900 qui-

372 2923 434 2990 bus
445 2923 478 2990 id
493 2948 560 2990 uon
574 2922 750 3011 videretur,
765 2937 965 3016 superatam;
980 2949 1035 2992 eos
1050 2939 1173 3012 tamen,
1189 2924 1247 3017 qui
1259 2924 1300 2991 ad
1313 2929 1407 2994 Han-

372 3038 513 3133 nibalern
523 3065 592 3109 non
603 3041 777 3131 redissent,
792 3042 989 3138 usqueadeo
1003 3040 1202 3112 intestabiles
1214 3044 1405 3135 invisosque

372 3158 486 3246 fuisse,
504 3173 543 3228 ut
559 3160 692 3228 taedium
706 3162 780 3230 vitae
799 3162 957 3256 ceperint,
971 3185 1147 3253 necemque
1161 3161 1223 3229 sibi
1236 3163 1403 3230 conscive-

372 3280 449 3347 rint.
475 3278 694 3363 Gellius,v11‚
715 3281 770 3361 18,
796 3305 846 3349 11.

672 3555 887 3623 CORNELII
911 3554 1101 3623 NEPOTIS

641 3761 835 3808 nnusrnwtt
851 3761 1005 3809 mortum
1022 3763 1079 3810 ΠΒ.
1098 3765 1129 3812 ΙΙ.

417 3987 476 4053 Ill.
503 3983 658 4054 Subinde.
679 3985 942 4100 clamitatis.
959 4011 1003 4072 11,
1019 3987 1080 4056 col.
1104 3985 1179 4082 195.
1264 3975 1266 3980 ¹
