3198 5174
639 779 643 802 t
712 753 814 820 XIV.

581 1073 943 1179 narinus,

697 1475 843 1492 ..ι-..-

248 1735 373 1864 Vnam
403 1814 493 1858 nuno
522 1790 565 1858 ad
588 1791 799 1860 fortissimum
828 1792 955 1878 virum,
979 1792 1178 1884 maximique
1204 1817 1283 1860 con-

247 1905 310 1975 silii
324 1911 471 1976 omnium
485 1908 717 2010 barbarorum}
732 1911 874 2004 exceptis
889 1909 1019 1981 duobus
1033 1911 1285 2005 Carthaginien-

248 2027 352 2114 sibus,
369 2027 553 2112 Hamilcare
567 2043 599 2096 et
616 2028 810 2100 Hannibale.
828 2033 880 2098 De
894 2055 961 2122 quo
976 2031 1040 2102 hoc
1055 2029 1152 2125 plura
1164 2031 1282 2100 refere-

248 2171 338 2234 mus,
352 2147 441 2239 quod
459 2162 492 2215 et
508 2147 699 2216 obscuriora
712 2164 790 2218 sunt
803 2149 873 2240 ejus
888 2163 977 2243 gesta
991 2147 1162 2242 pleraque;
1180 2165 1212 2218 et
1227 2175 1283 2239 ea,

248 2289 322 2356 quaa
339 2290 495 2360 prospere
513 2267 542 2334 ei
560 2281 741 2351 cesserunt,
762 2291 828 2334 non
847 2267 1075 2362 magnitudine
1094 2269 1283 2361 copiarum,

248 2384 305 2452 scd
324 2384 467 2472 consilii,
486 2410 553 2478 quo
572 2400 701 2464 tantum
724 2411 792 2456 non
813 2411 926 2456 omnes
945 2387 1136 2481 superabat,
1156 2387 1284 2456 accide-

248 2518 338 2589 runt.
362 2507 515 2593 Quorum
540 2507 603 2575 nisi
625 2507 710 2577 ratio
732 2504 892 2601 explicata
913 2506 1028 2593 fuerit,
1051 2531 1103 2574 ros
1127 2531 1285 2600 apparere

249 2649 316 2692 non
333 2638 498 2718 poterunt.
515 2628 700 2710 Duranius,
716 2641 808 2718 patre
822 2627 1018 2713 Camissarc‚
1034 2627 1169 2696 natione
1186 2629 1284 2714 Care,

248 2761 352 2814 matre
382 2746 547 2839 Scythissa
575 2760 688 2835 natus,
716 2747 862 2839 ,primum
889 2745 1031 2815 militum
1059 2771 1196 2816 numero
1223 2747 1287 2816 fuit

249 2865 338 2959 apud
363 2869 574 2934 Artaxerxem
597 2891 727 2954 eorum,
750 2868 808 2958 qui
830 2867 953 2959 regiam
976 2867 1166 2936 tuebantur.
1190 2869 1287 2934 Pater

249 2985 318 3076 ejus
335 2987 549 3068 Camissares,
566 2985 655 3077 quod
672 3001 705 3054 et
721 2985 944 3069 manufortis,
963 2999 996 3054 et
1009 2983 1095 3054 bello
1114 3000 1285 3073 strenuus,

249 3119 282 3174 et
299 3106 378 3198 regi
388 3103 500 3172 multis
518 3104 597 3172 locis
616 3103 721 3172 fidelis
740 3118 810 3174 erat
832 3119 997 3196 repertus,
1018 3105 1134 3173 habuit
1151 3105 1286 3198 provin·

249 3226 332 3292 ciam
350 3239 477 3318 partem
494 3222 616 3294 Ciliciae
630 3224 724 3315 juxta
742 3222 1003 3317 Cappadociam,
1021 3247 1120 3315 quam
1138 3219 1288 3292 incolunt

249 3345 436 3436 leucosyri.
462 3346 617 3412 Datames
642 3341 783 3410 militare
811 3366 933 3409 munus
955 3341 1096 3434 fungens
1121 3340 1288 3434 primurn,

251 3460 355 3553 qualis
369 3477 467 3548 esset,
482 3463 636 3555 apparuit
652 3463 687 3529 in
704 3459 806 3549 bello,
824 3459 914 3552 quod
932 3485 989 3528 rex
1006 3459 1161 3532 adversus
1178 3457 1295 3528 Cadu..
1331 3501 1334 3508 ,

252 3583 315 3649 sios
333 3583 442 3674 gessit.
462 3582 613 3672 Namque
631 3581 684 3648 hic
702 3578 814 3648 multis
832 3577 977 3647 millibus
999 3580 1165 3672 regiorum
1186 3580 1288 3649 inter·

251 3699 359 3788 fectis,
376 3701 489 3793 magni
501 3700 565 3771 fuit
583 3698 653 3792 ejus
671 3724 782 3793 opera.
800 3700 879 3787 Quo
897 3687 1018 3767 factum
1035 3713 1097 3783 cst,
1112 3712 1165 3785 ut,
1184 3721 1288 3790 quum

252 3821 285 3886 in
303 3845 343 3888 co
365 3819 450 3889 bello
473 3819 639 3888 cecidisset
659 3820 871 3906 Camissares,
893 3830 1031 3912 paterna
1053 3819 1083 3885 ei
1103 3816 1289 3887 traderetur

253 3942 433 4032 provincia.
463 3993 465 4000 .

300 4064 342 4129 ΙΙ.
369 4062 444 4130 Pari
464 4085 497 4128 se
519 4061 640 4127 virtute
662 4071 774 4152 postea
793 4056 948 4152 praebuit,
973 4081 1076 4148 quum
1096 4055 1285 4148 Autophra-

1145 4200 1176 4269 5.
