3168 5048
623 456 788 514 ATTICUS.
1170 453 1224 518 143

190 587 271 658 dum
284 600 349 674 est,
384 585 528 677 optima;
550 587 577 654 si
599 584 722 672 forma,
744 585 800 653 vix
821 585 979 654 mediocri
1001 607 1008 648 :
1032 603 1175 673 namque
1191 581 1226 650 in

190 730 230 782 ea
247 720 341 774 erant
361 703 455 798 pueri
466 682 720 787 litteratissimi,
738 711 927 792 anagnostae
947 685 1079 791 optimi,
1098 713 1131 767 et
1149 697 1225 793 plu·

191 826 266 898 rimi
282 823 424 907 librarii3
442 837 480 892 ut
501 846 543 890 ne
562 819 759 914 pedisequus
777 803 1103 912 quidemquisquam
1125 835 1226 904 esset,

191 945 249 1037 qui
271 967 340 1012 non
364 957 543 1034 utrumque
566 911 686 1010 haruin
706 937 845 1033 pul-chre
874 937 981 1007 facere
1010 953 1129 1032 posset.
1151 941 1226 1008 Pari

190 1063 290 1132 modo
311 1061 452 1133 artifices
471 1061 585 1152 ceteri,
606 1083 689 1152 quos
707 1056 816 1127 cultus
832 1058 1030 1126 domesticus
1048 1057 1226 1146 desiderat,

105 1209 109 1218 ·
191 1171 341 1277 apprime
371 1182 459 1250 boni.
490 1183 606 1274 Neque
635 1173 744 1248 tamen
772 1179 892 1248 horum
920 1203 1136 1272 quemquam,
1164 1181 1228 1267 nisi

193 1303 282 1372 domi
299 1317 432 1384 natum,
445 1295 601 1393 domique
620 1299 764 1388 factum,
779 1297 911 1386 habuit,
925 1298 1016 1391 quod
1034 1312 1083 1366 est
1097 1300 1229 1392 signum

193 1447 261 1492 non
276 1420 382 1490 solum
397 1420 625 1506 continentiae,
640 1419 809 1490 sedetiam
823 1416 1007 1510 diligentiae.
1021 1421 1229 1488 Nametnon

194 1535 451 1635 intemperanter
485 1539 733 1634 concupiscere,
762 1537 852 1632 quod
876 1563 896 1606 a
921 1535 1072 1632 plurimis
1099 1537 1228 1624 videas,

194 1661 391 1736 continentis
406 1658 503 1728 debet
520 1658 610 1746 duci;
627 1673 661 1726 ct
678 1659 788 1752 potius
803 1655 986 1751 diligentia,
1000 1682 1101 1750 quam
1110 1657 1228 1752 pretio,

195 1803 327 1872 parare,
345 1803 414 1848 non
430 1776 604 1848 mediocris
622 1766 672 1848 est
695 1776 874 1846 industriae.
898 1775 1054 1870 Elegans,
1071 1795 1140 1845 non
1158 1802 1229 1846 ma·

195 1897 353 1992 gnificusq
375 1895 582 1991 splendidus,
604 1922 672 1966 non
695 1911 924 1991 sumptuosus;
950 1898 1040 1966 omni
1061 1895 1231 1991 diligentia

196 2016 408 2107 munditiem,
434 2043 503 2091 non
530 2017 750 2104 affluentiam,
774 2017 957 2086 affectabat.
984 2016 1137 2111 Supellex
1162 2043 1231 2086 mo·
1344 2064 1347 2070 -

197 2139 285 2227 dica,
301 2164 369 2208 non
386 2137 508 2226 multa,
527 2139 617 2206 utin
635 2153 787 2206 neutram
804 2152 931 2233 partem
951 2140 1096 2232 conspici
1110 2153 1229 2232 posset.

197 2259 267 2330 Nec
284 2259 349 2331 hoc
362 2259 552 2353 praeteribo,
571 2281 761 2352 quanquam
784 2241 954 2329 nonnullis
975 2256 1045 2326 leve
1065 2259 1173 2326 visum
1191 2259 1231 2326 iri

197 2393 336 2471 putem:
357 2403 461 2470 quum
478 2379 512 2448 in
533 2378 647 2471 primis
664 2375 774 2448 lautus
798 2392 882 2446 esset
899 2402 1007 2471 eques¹
1020 2401 1176 2446 romanus
1199 2393 1233 2446 et

197 2524 266 2566 non
288 2523 407 2592 parum
431 2496 608 2568 liberaliter
634 2497 771 2568 domum
797 2524 890 2567 suam
910 2499 1058 2568 omnium
1077 2499 1232 2568 ordinum

198 2622 346 2704 homines
377 2620 545 2709 invitaret;
571 2620 706 2708 scimus,
737 2645 805 2690 non
830 2618 989 2714 amplius,
1019 2643 1119 2713 quam
1139 2635 1233 2690 terna

198 2738 301 2810 millia
316 2741 405 2828 aeris,
422 2765 573 2834 peraeque
591 2741 625 2808 in
645 2738 792 2834 singulos
809 2764 951 2826 menses,
969 2763 1008 2808 ex
1025 2740 1233 2835 ephemeride

198 2883 275 2927 eum
291 2885 471 2955 expensum
486 2860 634 2954 sumptui
645 2858 731 2930 ferre
746 2857 889 2929 solitum.
902 2863 1011 2952 Atque
1024 2860 1089 2928 hoc
1099 2885 1167 2928 non
1179 2883 1234 2929 au·

199 2979 321 3072 ditum,
340 2980 396 3049 sed
425 2982 597 3076 cognitum
619 2979 843 3073 praedicamus.
863 2983 955 3075 Saepe
983 2981 1070 3049 enim
1096 2995 1233 3076 propter

199 3099 651 3176 familiaritatemdomesticis
667 3100 766 3167 rebus
780 3098 998 3169 interfuimus.
1053 3127 1055 3134 ·
1256 3185 1257 3188 Ἴ

247 3221 338 3288 XIV.
359 3217 464 3290 Nemo
482 3219 516 3286 in
539 3218 691 3287 convivio
714 3216 784 3310 ejus
807 3216 897 3286 aliud
919 3243 1070 3287 acroama
1092 3219 1234 3304 audivit,

200 3362 300 3428 quam
315 3351 517 3430 anagnosten
536 3336 649 3430 :quod
669 3362 730 3420 nos
748 3337 880 3430 quidem
891 3338 1169 3429 jucundissimum
1183 3363 1235 3406 ar·

200 3455 373 3524 bitramur.
393 3458 508 3548 Neque
522 3481 669 3550 unquam
683 3459 752 3529 sine
769 3455 878 3550 aliqua
895 3456 1034 3527 lectione
1050 3457 1139 3553 apud
1159 3485 1235 3529 eum

201 3588 367 3642 coenatum
387 3590 449 3663 est;
469 3591 507 3644 ut
530 3601 598 3646 non
615 3577 724 3646 minus
748 3578 874 3665 animo,
893 3603 992 3671 quam
1010 3593 1140 3669 ventre,
1158 3567 1236 3650 con-

200 3695 282 3762 vivae
295 3692 544 3775 delectarentur.
557 3698 708 3789 Namque
723 3721 779 3766 eos
795 3699 952 3787 vocabat,
967 3721 1109 3792 quorum
1128 3726 1244 3770 mores.

202 3838 221 3882 a
240 3815 307 3882 suis
324 3839 393 3882 non
412 3815 635 3886 abhorrerent
651 3819 766 3904 Quum
783 3832 876 3914 tanta
891 3821 1037 3914 pecuniae
1054 3818 1139 3888 facta
1153 3837 1236 3890 esset

203 3934 357 4022 accessio,
375 3933 458 4003 nibil
471 3934 511 4003 de
525 3937 718 4029 quotidiano
727 3936 819 4007 cultu
836 3942 996 4028 mutavit,
1012 3939 1094 4010 nihil
1110 3941 1150 4009 de
1161 3943 1236 4010 vitae

202 4054 629 4150 consuetudine5‘tantaque
648 4083 726 4126 usus
742 4073 794 4126 est
810 4057 1052 4148 moderatione,
1073 4075 1111 4129 ut
1129 4086 1234 4154 neque
