3198 5174
616 547 618 552 ’
660 526 842 582 DATAMES.
1225 524 1264 599 69

240 649 371 743 agebat,
383 664 417 718 ut
432 649 573 718 sisaram
584 633 722 718 bestiam
736 665 864 743 captam
876 648 1018 718 duceret.
1029 651 1139 738 Quem
1150 674 1264 718 omnes

239 794 340 862 quum
357 770 581 863 prospicerent
593 783 727 862 propter
742 771 921 837 novitatem
937 783 1088 857 ornatus,
1104 770 1266 863 ignotam·

239 913 303 980 que
322 889 477 977 formam,
497 890 539 957 ob
560 913 697 982 eamque
718 911 787 956 rem
805 911 946 982 magnus
966 886 1049 956 esset
1068 913 1263 974 concursus3

237 1007 300 1076 luit
312 1031 379 1076 non
390 1033 502 1094 nemo,
514 1010 571 1101 qui
583 1021 776 1102 agnosceret
785 1007 929 1100 Thyum,
941 1009 1075 1101 regique
1086 1009 1264 1076 nuntiaret.

237 1127 349 1195 Primo
364 1151 432 1196 non
449 1125 637 1195 accredidit.
656 1129 772 1218 Itaque
785 1126 1035 1194 Pharnabazum
1051 1125 1140 1194 misit
1155 1122 1266 1216 explo-

236 1258 365 1331 ratum;
387 1269 406 1312 a
427 1268 493 1336 quo
518 1257 555 1312 ut
570 1268 640 1313 rem
661 1258 785 1338 gestam
806 1244 981 1337 comperit,
1002 1244 1112 1312 statim
1135 1241 1265 1310 admitti

233 1363 346 1454 jussit,
359 1385 560 1456 magnopere
572 1361 751 1432 delectatus
764 1386 867 1455 quum
882 1362 984 1448 facto,
999 1376 1069 1429 tum
1084 1374 1217 1429 ornatus
1230 1361 1265 1428 in

236 1482 352 1573 primis
364 1473 454 1572 quod
467 1478 585 1548 nobilis
599 1505 657 1548 rex
668 1482 702 1547 in
716 1493 911 1574 potestatem
924 1480 1109 1574 inopinanti
1121 1493 1263 1548 venerat.

236 1603 352 1691 Itaque
365 1597 538 1692 magnifice
553 1601 728 1667 Datamem
740 1597 901 1666 donatum
913 1596 955 1666 ad
966 1599 1146 1667 exercitum
1160 1598 1264 1685 misit,

238 1719 381 1809 quitum
398 1716 666 1805 contrahebatur,
687 1716 771 1787 duce
787 1715 999 1784 Pharnabazo
1016 1729 1049 1783 et
1062 1717 1265 1803 Tithrauste,

236 1835 277 1902 ad
293 1835 417 1905 bellum
431 1838 636 1930 AEgyptium3
651 1837 787 1928 parique
802 1859 892 1919 eum,
908 1846 1008 1926 atque
1024 1831 1265 1927 illos„imperio

236 1978 304 2022 esse
318 1956 426 2048 jussit.
443 1958 558 2024 Postea
575 1979 654 2023 vero
671 1977 771 2046 quam
786 1951 1036 2022 Pharnabazum
1056 1976 1114 2020 rex
1132 1976 1265 2020 revoca-

236 2076 296 2158 vit,
314 2072 363 2141 illi
381 2097 508 2142 summa
525 2073 655 2165 imperii
670 2070 790 2140 tradita
806 2084 864 2139 est.

282 2194 341 2260 IV.
367 2192 429 2259 Hic
444 2215 548 2283 quum
562 2192 705 2259 maximo
723 2190 831 2259 studio
849 2206 1052 2284 compararet
1069 2193 1262 2280 exercitum,

236 2312 480 2402 AEgyptumque
492 2308 653 2402 proficisci
667 2323 812 2403 pararet,
826 2311 934 2378 subito
946 2334 966 2377 a
977 2334 1053 2403 rege
1062 2309 1176 2380 litterae
1187 2324 1264 2379 sunt

236 2431 267 2496 ei
286 2429 410 2516 missa,
428 2442 464 2496 ut
485 2430 600 2521 Aspim
621 2427 865 2522 aggrederetur,
886 2429 944 2521 qui
962 2413 1154 2500 ¹Cataoniam
1174 2444 1264 2500 tene·

234 2547 308 2634 bat,
321 2572 393 2640 quae
406 2573 485 2642 gens
495 2548 582 2640 jacet
595 2571 694 2640 supra
706 2545 871 2632 Ciliciam,
885 2547 1024 2616 confinis
1038 2547 1263 2641 Cappadocia.

234 2668 385 2758 Namque
403 2667 515 2759 Aspis,
534 2663 709 2734 saltuosam
730 2667 913 2758 regionem,
934 2663 1138 2758 castellisque
1157 2670 1264 2737 muni·

234 2801 301 2853 tam
318 2783 477 2869 incolens,
493 2809 560 2852 non
577 2783 684 2853 solum
701 2785 839 2878 imperio
856 2785 940 2879 regis
958 2809 1025 2852 non
1040 2785 1190 2878 parebat,
1206 2787 1262 2855 sed

235 2905 333 2972 etiam
349 2904 510 2980 finitimas,
519 2905 668 2997 regiones
682 2904 836 2991 vexabat,
857 2917 904 2991 et,
920 2927 990 2995 quae
1007 2906 1076 2997 regi
1093 2917 1263 2997 portaren-

235 3035 303 3110 tur,
319 3022 512 3114 abripiebat.
525 3025 698 3110 Datames,
712 3025 772 3091 etsi
789 3022 888 3115 longe
906 3022 1018 3090 aberat
1033 3023 1074 3090 ab
1089 3024 1139 3091 his
1156 3026 1263 3118 regio-

233 3141 346 3225 nibus,
362 3154 394 3208 et
413 3165 432 3208 a
450 3141 573 3234 majore
590 3165 625 3209 re
638 3141 901 3226 abstrahebatur,
919 3155 1028 3209 tamen
1044 3144 1129 3235 regis
1144 3142 1262 3212 volun·

233 3260 292 3327 tati
317 3283 443 3328 morem
465 3258 645 3353 gerendum
663 3259 802 3352 putavit.
822 3262 937 3353 Itaque
958 3283 1033 3328 cum
1053 3261 1185 3354 paucis,
1204 3262 1261 3330 sed

231 3378 310 3446 viris
332 3378 492 3465 fortibus,
514 3403 631 3462 navem
656 3379 861 3466 conscendit,
886 3380 1088 3465 existimans,
1113 3378 1147 3446 id
1171 3382 1261 3472 quod

231 3497 363 3582 accidit,
384 3496 510 3565 facilius
531 3523 565 3566 se
584 3497 829 3592 imprudentem
847 3521 948 3590 parva
968 3521 1068 3565 manu
1087 3520 1261 3591 oppressu·

230 3641 319 3702 rum,
332 3640 429 3708 quam
443 3629 609 3709 paratum,
622 3617 771 3709 quamvis
784 3641 904 3710 magno
920 3618 1071 3686 exercitu.
1084 3621 1160 3688 Haec
1175 3617 1261 3690 dela·

231 3749 282 3802 tus
307 3735 342 3800 in
365 3733 535 3823 Ciliciam,
554 3761 699 3830 egressus
724 3735 817 3824 inde,
844 3735 913 3804 dies
933 3750 1110 3830 noctesque
1131 3739 1192 3806 iter
1213 3738 1260 3808 la·

230 3851 338 3938 ciens,
366 3857 513 3927 Taurum
541 3856 676 3940 transit,
704 3879 807 3946 eoque
834 3879 901 3949 quo
926 3855 1111 3943 studuerat,
1143 3859 1257 3927 venit:

231 3974 367 4063 quaerit,
392 3972 512 4065 quibus
534 3971 614 4042 locis
644 3974 688 4044 sit
711 3975 824 4067 Aspis:
851 3975 1018 4069 cognoscit
1045 3973 1134 4043 haud
1159 3973 1257 4071 longe

232 4094 357 4180 abesse,
376 4091 625 4186 profectumque
642 4117 715 4162 eum
733 4108 910 4179 venatum3
926 4111 1023 4185 quam
1044 4091 1123 4162 dum
1141 4119 1257 4188 specu·
