3168 5048
441 507 613 563 CORNELII
633 507 788 572 NEPOTIS
808 507 982 566 PHOCION.
1039 513 1040 522 ’
1165 525 1216 581 ¹07
1428 533 1431 542 ·

196 631 331 702 consilio
345 633 579 702 Demosthenes
596 657 671 701 cum
685 635 815 721 ceteris,
829 636 886 728 qui
902 635 985 702 bene
997 635 1037 702 de
1053 633 1219 728 republica

102 845 105 854 Ι
195 752 312 820 mereri
331 750 612 837 existimabantur,
631 750 827 846 populiscito
847 754 881 822 in
897 751 1044 820 exsilium
1058 767 1150 821 erant
1165 777 1219 823 ex-

195 868 291 963 pulsi.
310 871 426 961 Neque
442 870 477 936 in
499 894 538 937 eo
558 869 663 938 solum
686 869 884 957 offenderat,
902 870 990 963 qnod
1007 872 1119 964 patria
1135 872 1219 941 male

196 987 418 1076 consuluerat,
442 988 498 1056 sed
518 988 631 1076 etiam,
653 988 741 1081 quod
764 990 911 1058 amicitiae
933 989 1029 1058 fidem
1051 1015 1119 1060 non
1136 1015 1218 1084 prce·

197 1109 323 1198 stiterat
348 1131 357 1175 ε
385 1131 544 1200 namque,
569 1122 685 1175 auctus
714 1107 910 1201 adjutusque
937 1134 957 1177 a
980 1110 1218 1197 Demosthene,

196 1251 287 1314 eum,
309 1249 407 1318 quem
426 1225 572 1311 tenebat,
593 1226 781 1294 ascenderat
804 1228 958 1321 gradum,
982 1253 1085 1320 quum
1104 1227 1218 1296 adver-

197 1372 252 1415 sus
278 1345 451 1415 Charetem
476 1370 552 1432 eum
577 1345 785 1434 subornaret3
808 1348 987 1416 abeodem
1014 1349 1048 1415 in
1070 1346 1218 1439 judiciis,

197 1490 300 1559 quum
317 1466 431 1559 capitis
452 1489 583 1536 causam
605 1465 742 1552 diceret,
768 1465 935 1554 defensus,
952 1465 1120 1558 aliquoties
1142 1463 1219 1534 libe·

197 1598 288 1652 ratus
306 1584 493 1652 discesserat
511 1611 520 1652 ε
539 1585 629 1652 hunc
646 1608 713 1650 non
731 1582 837 1652 solum
854 1585 888 1652 in
906 1583 1057 1678 periculis
1080 1609 1147 1652 non
1165 1584 1219 1652 de·

198 1702 314 1791 fendit‚
332 1702 504 1771 sedetiam
521 1701 675 1795 prodidit.
695 1702 846 1770 Concidit
865 1717 974 1770 autern
995 1702 1134 1770 maxime
1151 1727 1218 1771 uno

190 1823 331 1891 crimine
350 1847 359 1890 τ
380 1821 483 1913 quod,
506 1846 609 1914 quum
627 1820 724 1914 apud¹
736 1845 993 1920 eumvsummum
1013 1834 1095 1890 esset
1116 1821 1218 1913 impe-

197 1943 283 2010 rium
299 1938 429 2036 populi,
447 1954 480 2008 et
495 1941 707 2026 Nicanorem,
725 1938 898 2008 Cassandri
920 1938 1123 2032 praefectum,
1142 1939 1218 2006 insi·
1323 1959 1327 1980 ’

197 2061 279 2130 dimi
297 2063 399 2130 Piraeo
421 2058 667 2130 Atheniensium
687 2082 704 2125 a
723 2055 874 2151 Dercyllo
893 2056 1094 2145 moneretur,
1117 2057 1217 2126 idem·

196 2205 260 2274 que
281 2178 479 2272 postularet,
502 2192 540 2245 ut
561 2177 764 2270 provideret,
787 2201 829 2244 ne
851 2176 1083 2243 commeatibus
1106 2176 1218 2243 civitas

198 2300 395 2392 privaretur3
414 2295 485 2383 hic,
500 2295 651 2365 audiente
668 2294 810 2389 populo,
833 2295 977 2363 Phocion
999 2294 1129 2386 negavit
1151 2317 1219 2362 esse

199 2414 395 2512 pericnlum,
418 2411 518 2507 'seque
542 2414 612 2508 ejus
637 2417 684 2482 rei
709 2414 853 2483 obsidem
877 2411 947 2480 fore
971 2409 1133 2506 pollicitus
1149 2417 1216 2478 est.

198 2539 312 2629 Neque
335 2537 381 2605 ita
406 2534 512 2604 multo
536 2549 611 2630 post
637 2534 780 2606 Nicanor
806 2535 909 2603 Piraeo
934 2545 983 2599 est
1008 2531 1141 2624 potitus.
1167 2530 1219 2600 Ad

197 2681 294 2751 quem
312 2655 586 2750 recuperandum,
601 2655 669 2722 sine
687 2678 754 2746 quo
771 2651 906 2722 Athenae
918 2650 1052 2719 omnino
1070 2672 1218 2717 essenon

197 2791 350 2870 possunt,
364 2799 475 2868 quum
497 2772 639 2868 populus
660 2786 803 2840 armatus
823 2768 1053 2854 concurrisset3
1077 2765 1130 2835 ille
1151 2792 1218 2835 non

197 2895 295 2964 modo
312 2896 473 2963 neminem
491 2893 532 2961 ad
549 2917 639 2962 arma
653 2891 794 2976 vocavit,
813 2887 924 2958 sedne
941 2887 1072 2955 armatis
1089 2886 1219 2979 quidem

197 3038 332 3108 praeesse
349 3013 463 3082 voluit.
1273 2983 1278 3002 ’

243 3135 301 3201 ΠΙ.
324 3136 427 3204 Erant
439 3157 478 3200 eo
487 3109 637 3224 'tempore
650 3129 789 3198 Athenis
805 3127 877 3195 duae
891 3125 1045 3196 factiones
1059 3148 1218 3217 :quarum

198 3277 264 3321 una
288 3251 403 3346 populi
429 3275 560 3319 causam
582 3247 713 3342 agebat,
739 3243 840 3314 altera
865 3244 1076 3337 optimatum3
1101 3243 1135 3308 in
1157 3241 1219 3309 hac

196 3385 267 3440 erat
287 3372 432 3440 Phocion
456 3385 489 3438 et
513 3369 699 3438 Demetrius
722 3361 908 3433 Phalereus.
930 3365 1056 3430 Harum
1082 3376 1219 3451 utraque

197 3489 415 3559 Macedonum
437 3486 625 3582 patrociniis
651 3484 825 3553 nitebatur.
848 3483 933 3552 Nam
959 3477 1131 3572 populares
1156 3480 1219 3546 Po-

196 3607 416 3703 lysperchonti
440 3607 590 3675 favebant
614 3629 622 3672 t
647 3604 817 3697 optimates
844 3624 918 3668 cum
942 3597 1125 3667 Cassandro
1147 3615 1219 3666 sen*

198 3728 331 3797 tiebant.
350 3727 484 3795 Interim
502 3750 521 3794 a
541 3721 814 3816 Polysperchonte
832 3718 1012 3788 Cassander
1028 3715 1219 3785 Macedonia

198 3845 311 3941 pulsus
335 3861 392 3914 est.
415 3847 492 3934 Quo
515 3844 600 3911 facto
627 3839 768 3935 populus
794 3839 944 3932 superior*
963 3835 1084 3922 sactus,
1112 3834 1220 3901 statim

198 3966 296 4034 duces
318 3964 506 4033 adversariae
532 3960 680 4030 factionis
705 3958 818 4050 capitis
846 3956 1013 4024 damnatos
1035 3953 1139 4046 patria
1162 3975 1218 4044 pe·

199 4084 300 4178 pulit,
319 4087 351 4152 in
373 4085 423 4152 his
445 4083 641 4150 Phocionem
662 4091 693 4145 et
714 4077 918 4145 Demetrium
938 4070 1146 4155 Phalereum3
1165 4069 1219 4136 de·
