3168 5048
627 521 791 578 armeus.
1117 503 1121 514 ’
1170 533 1224 607 139

189 661 269 716 erat.
291 648 369 718 Non
391 645 497 715 solum
516 646 587 739 ejus
607 648 749 735 inimici,
769 649 828 740 qui
854 663 924 716 tum
950 666 1043 718 erant
1064 659 1224 745 potentis·

189 766 262 833 simi
280 780 314 833 et
329 764 480 858 plurimi,
493 766 550 836 sed
564 766 663 834 etiam
679 768 737 861 qui
751 767 947 836 adversariis
962 768 1032 862 ejus
1042 793 1076 839 se
1090 771 1223 860 dabant,

187 898 221 953 et
248 886 281 951 in
308 909 348 954 eo
375 883 526 954 laedendo
553 911 587 956 sc
615 885 760 980 aliquam
788 902 1026 958 consecuturos
1049 893 1224 983 sperabant

187 1005 518 1093 commendationem,
527 1008 665 1076 Antonii
676 1006 851 1076 familiares
861 1007 1132 1102 insequebantur3
1143 1037 1225 1082 uxo·

187 1149 257 1192 rem
273 1123 424 1194 Fulviam
443 1127 599 1196 omnibus
611 1127 717 1195 rebus
738 1126 879 1220 spoliare
896 1129 1086 1221 cupiebant;
1105 1128 1225 1201 liberos

187 1245 286 1313 ctiam
302 1247 515 1352 exstinguere
529 1245 701 1340 parabant.
715 1248 864 1334 Atticus,
876 1272 980 1340 quum
989 1250 1158 1318 Ciceronis
1172 1250 1224 1316 in·

187 1365 267 1431 tima
281 1353 503 1436 familiaritate
520 1380 685 1453 uteretur,
698 1367 916 1436 amicissimus
931 1383 1015 1437 esset
1024 1372 1144 1456 Bruto,
1155 1392 1223 1440 nou

186 1481 289 1552 modo
312 1483 396 1552 nihil
421 1485 460 1553 iis
480 1483 616 1554 indulsit
636 1485 680 1554 ad
695 1487 879 1556 Antonium
902 1485 1108 1574 violandum3
1131 1488 1225 1556 sede

187 1603 355 1671 contrario
378 1602 555 1674 familiares
576 1604 662 1696 ejus,
684 1629 725 1672 ex
750 1605 832 1673 urbe
852 1603 1093 1699 profugientes,
1119 1631 1224 1698 quan-

187 1736 259 1790 tum
285 1723 412 1814 potuit,
439 1725 537 1811 texit,
567 1726 688 1816 quibus
712 1725 810 1792 rebus
835 1724 1065 1818 indiguerunt,
1086 1724 1221 1818 adjuvit.

187 1844 223 1910 P.
244 1866 324 1910 vero
344 1840 525 1912 Volumnio
541 1869 579 1912 ea
596 1845 732 1932 tribuit,
752 1859 790 1912 ut
813 1842 911 1937 plura
932 1868 951 1911 a
968 1858 1106 1937 parente
1123 1844 1224 1939 profi·

187 1965 264 2031 cisci
288 1987 356 2035 non
376 1965 556 2059 potuerint.
586 1965 655 2058 Ipsi
676 1979 787 2033 autem
814 1962 954 2050 Fulviae,
980 1989 1083 2057 quum
1111 1963 1223 2033 litibus

187 2067 413 2170 distineretur,
428 2085 623 2179 magnisque
638 2084 821 2154 terroribus
836 2097 1026 2170 vexaretur,
1043 2098 1135 2152 tanta
1150 2083 1223 2152 dili·

188 2206 299 2298 gentia
314 2204 460 2274 officium
477 2229 574 2274 suum
591 2205 759 2299 praestitit,
770 2217 808 2273 ut
821 2201 951 2271 nullum
969 2201 1025 2270 illa
1040 2205 1158 2271 stiterit
1170 2228 1224 2271 va-

188 2324 371 2404 dimonium
389 2324 459 2392 sine
480 2325 604 2411 Atticm
624 2325 679 2392 hic
696 2348 837 2416 sponsor
856 2323 1005 2392 omnium
1023 2348 1132 2391 rerum
1153 2322 1224 2392 fue·

187 2442 241 2512 rit.
271 2444 363 2532 Quin
390 2439 510 2531 etiam,
538 2467 643 2536 quum
669 2440 725 2512 illa
750 2442 891 2513 fundum
923 2442 1065 2512 secunda
1092 2441 1225 2511 fortuna

187 2563 317 2631 emisset
328 2563 363 2630 in
381 2562 482 2651 diem,
497 2588 604 2657 neque
622 2578 698 2657 post
711 2560 928 2632 calamitatem
941 2587 1113 2631 versuram
1119 2562 1224 2632 facere

83 2678 85 2682 ’
148 2687 153 2696 “
187 2683 365 2776 potuisset,
385 2681 440 2752 illc
458 2708 493 2752 se
509 2683 722 2776 interposuit,
742 2683 980 2777 pecuniamque
1000 2684 1071 2752 sine
1083 2683 1224 2772 foenore,

185 2802 320 2894 sineque
335 2799 402 2870 ulla
413 2801 629 2897 stipulatione,
638 2803 668 2870 ei
679 2781 836 2887 credidit;
848 2803 1027 2870 maximum
1037 2804 1224 2872 existimans

185 2938 549 3015 quaestum,mem0rem
566 2923 950 3016 gratumque'cognosci,
972 2920 1133 3016 simulque
1147 2947 1224 3017 ape·

184 3042 265 3130 rire,
279 3068 313 3111 se
329 3068 397 3111 nou
413 3043 570 3130 fortunae,
588 3042 644 3111 sed
662 3043 853 3112 hominibus
868 3042 972 3112 solere
985 3067 1054 3112 esse
1070 3045 1221 3112 amicum.

184 3164 268 3252 Quae
286 3187 391 3256 quum
413 3162 567 3249 faciebat,
596 3187 693 3231 nemo
724 3175 800 3231 eur'n
821 3165 1093 3257 temporis-causa
1118 3163 1223 3232 facere

185 3297 316 3376 poterat
330 3283 526 3351 existimare.
539 3283 674 3352 Nemini
693 3283 781 3351 enim
799 3284 833 3350 in
853 3283 1042 3375 opinionem
1057 3283 1222 3369 veniebat,

184 3404 366 3473 Antonium
385 3425 496 3470 rerum
514 3404 710 3495 potiturum.
731 3401 795 3471 Sed
818 3403 937 3470 sensim
963 3403 990 3470 is
1012 3427 1032 3470 a
1055 3400 1223 3470 nonnullis

183 3522 398 3616 optimatibus
416 3521 735 3616 reprehendebatur,
752 3522 842 3616 quod
858 3547 977 3618 parum
996 3522 1101 3591 odisse
1120 3520 1223 3592 malos

155 3681 158 3690 v
183 3644 270 3712 cives
289 3641 468 3711 videretur.
485 3641 545 3711 Ille
558 3658 668 3711 autem
685 3645 736 3713 sui
752 3643 884 3736 judicii,
902 3643 1013 3736 potius
1030 3643 1111 3737 quid
1126 3667 1160 3710 se
1175 3641 1223 3711 fa·

184 3787 257 3832 cere
284 3778 470 3856 parasset,
498 3763 708 3850 intuebatur,
737 3788 837 3858 quam
865 3763 945 3858 quid
959 3805 961 3809 ⁴
977 3762 1032 3832 alii
1057 3762 1222 3831 laudaturi

183 3882 302 3954 forent.
823 3967 825 3970 Ι
962 3894 964 3900 ’

231 4009 274 4074 Χ.
292 4010 462 4078 Conversa
482 4006 593 4075 subito
610 4006 746 4074 fortuna
760 4020 819 4074 est.
837 4008 884 4074 Ut
903 4005 1065 4074 Antonius
1078 4003 1175 4090 rediit
1189 4006 1222 4073 in

183 4127 326 4216 ltaliam,
342 4153 438 4197 nemo
460 4153 527 4196 non
548 4151 669 4221 magno
692 4128 725 4194 in
746 4124 893 4219 periculo
908 4126 1054 4194 Atticum
1071 4123 1220 4193 futurum
