3198 5174
620 495 846 551 TIMOTHEUS.
1206 497 1243 562 65

102 623 109 636 ⁸
228 623 336 710 derat,
363 627 530 717 pervenit3
554 626 734 721 eodemque
758 647 795 699 ut
820 635 1049 724 sequerentur,
1073 629 1116 698 ad
1139 632 1251 700 Timo·
1354 669 1393 680 -·

226 740 336 810 theum
350 758 382 810 et
398 744 596 836 Iphicratem
609 750 763 817 nuntium
775 750 872 819 misit.
886 750 985 834 Hinc,
1002 748 1087 817 male
1098 775 1134 818 re
1147 764 1251 844 gesta,

227 860 446 955 compluribus
466 865 591 932 amissis
610 868 762 949 navibus,
780 868 911 956 eodem,
932 863 1107 936 unde'erat
1126 869 1252 960 profec-

228 992 291 1068 tus,
314 1007 348 1048 se
371 984 509 1075 recepit,
531 981 720 1077 litterasque
745 986 890 1055 Athenas
916 984 1046 1080 publice
1066 987 1172 1071 misit,
1190 988 1251 1055 sibi

225 1079 366 1190 proclive
384 1099 483 1192 fuisse
504 1103 637 1170 Samum
655 1127 785 1196 capere,
804 1106 865 1172 nisi
884 1129 903 1170 a
920 1105 1093 1172 Timotheo
1111 1119 1144 1171 ct
1162 1106 1251 1197 Iphi-

223 1235 308 1288 crate
324 1221 473 1289 desertus
489 1235 581 1290 esset.
600 1223 653 1291 Ob
670 1248 741 1291 eam
758 1249 827 1291 rem
845 1224 879 1291 in
894 1225 1019 1292 crimen
1035 1224 1251 1310 vocabantur3

221 1337 361 1432 populus
387 1364 481 1427 acer,
507 1341 676 1434 suspicax,
696 1341 845 1428 mobilis,
873 1343 1097 1428 adversarius,
1121 1343 1251 1411 invidus
1298 1405 1300 1410 .

221 1458 319 1527 ctiam
335 1461 503 1552 potentiae,
520 1459 655 1528 domum
670 1461 819 1529 revocat:
835 1476 1031 1530 accusantur
1043 1462 1248 1554 proditionis.

221 1581 291 1645 lioc
304 1577 430 1670 judicio
447 1578 623 1666 damnatur
637 1580 844 1666 Timotheus,
864 1580 967 1672 lisque
985 1580 1054 1672 ejus
1072 1581 1251 1650 {estimatur

219 1710 351 1765 centum
365 1696 506 1767 talentis.
519 1697 594 1786 Ille,
604 1698 680 1767 odio
693 1701 828 1794 ingratae
841 1701 983 1768 civitatis
995 1709 1144 1786 coactus,
1155 1701 1251 1771 Chai·

218 1816 323 1885 cidem
337 1842 371 1885 se
383 1817 534 1886 contulit.

265 1938 322 2004 IV.
348 1938 454 2029 Hujus
473 1951 548 2030 post
573 1953 733 2022 mortem,
760 1963 863 2030 quum
883 1937 1042 2033 populum
1057 1938 1173 2033 judicii
1198 1943 1249 2008 sui

220 2055 409 2145 poeniteret,
431 2053 543 2122 multae
569 2081 686 2123 novem
707 2070 813 2148 partes
832 2056 987 2143 detraxit,
1011 2073 1043 2125 et
1064 2057 1176 2126 decem
1200 2073 1246 2127 ta·

220 2169 306 2239 lenta
323 2176 509 2258 Cononem,
530 2173 635 2241 filium
656 2176 740 2267 ejus,
760 2175 802 2243 ad
822 2175 909 2243 muri
929 2175 1104 2267 quamdam
1121 2190 1246 2270 partem

177 2283 179 2287 ⁸
218 2289 427 2358 reficiendam
439 2293 536 2383 jussit
551 2292 639 2361 dare.
656 2296 696 2360 In
717 2318 783 2386 quo
803 2294 942 2362 fortunae
958 2283 1098 2363 varietas
1116 2308 1164 2363 est
1180 2297 1248 2362 ani·

218 2406 398 2477 madversa.
426 2410 512 2478 Nam
538 2436 620 2503 quos
644 2435 725 2479 evus
754 2415 871 2481 Conon
898 2435 1010 2480 muros
1037 2436 1078 2479 ex
1102 2401 1245 2480 hostium

217 2527 327 2622 praeda
348 2531 459 2622 patriae
486 2532 691 2618 restituerat,
719 2531 850 2600 eosdem
875 2556 995 2624 nepos,
1020 2555 1095 2598 cum
1120 2557 1245 2600 summa

215 2649 397 2742 ignominia
421 2649 566 2736 familiae,
588 2675 629 2718 ex
652 2675 710 2718 sua
733 2675 769 2718 re
793 2647 945 2718 familiari
964 2650 1096 2719 reficere
1117 2665 1246 2720 coactus

214 2782 274 2835 est.
296 2769 460 2837 Timothei
480 2782 590 2836 autem
609 2769 785 2837 moderatae
806 2770 1026 2863 sapientisque
1048 2771 1123 2837 vitae
1144 2795 1243 2862 quum

214 2885 371 2980 pleraque
387 2888 549 2980 possimus
569 2887 716 2981 proferre
733 2889 933 2976 testimonia,
948 2872 1016 2956 uno
1031 2889 1152 2957 erimus
1167 2913 1247 2958 con·

213 3006 319 3091 tenti3
338 3005 427 3099 quod
445 3031 484 3074 ex
502 3031 541 3074 eo
558 3005 654 3075 facile
671 3009 790 3100 conjici
807 3009 942 3101 poterit,
956 3033 1059 3104 quam,
1071 3032 1167 3077 carus
1180 3011 1246 3079 suis

213 3127 325 3194 fuerit.
355 3128 469 3214 Quum
493 3127 631 3196 Athenis
659 3126 922 3195 adolescentulus
949 3151 1086 3195 causam
1105 3127 1246 3214 diceret,

212 3270 284 3313 non
303 3244 410 3314 solum
429 3246 525 3314 amici
544 3247 729 3339 privatique
748 3246 893 3339 hospites
913 3244 955 3313 ad
974 3270 1049 3313 eum
1070 3244 1245 3314 defenden'-

211 3363 295 3433 dum
314 3379 554 3449 convenerunt;
575 3366 632 3434 sed
652 3367 750 3434 etiam
771 3366 805 3432 in
826 3365 871 3432 eis
885 3367 983 3432 Jason
1000 3377 1171 3456 tyrannus,
1188 3365 1244 3454 qui

213 3483 272 3551 illo
292 3496 439 3577 tempore
464 3484 526 3552 fuit
551 3485 698 3554 omnium
718 3483 974 3578 potentissimus.
995 3482 1057 3549 Hic
1082 3504 1185 3574 quum
1209 3483 1244 3548 in

212 3601 322 3694 patria
337 3603 406 3670 sine
423 3601 616 3670 satellitibus
633 3626 667 3671 se
687 3616 796 3670 tutum
812 3627 879 3670 non
896 3600 1125 3686 arbitraretur,
1141 3600 1245 3669 Athe·

214 3743 273 3787 nas
288 3721 359 3788 sine
379 3717 447 3788 ullo
466 3721 616 3813 praesidio
631 3723 736 3808 venit,
753 3720 902 3814 tantique
919 3719 1082 3813 hospitem
1098 3719 1191 3806 fecit,
1209 3733 1244 3786 ut

214 3838 325 3908 mallet
346 3863 380 3907 se
400 3841 516 3933 capitis
537 3839 719 3933 periculum
739 3815 850 3927 adire,
870 3865 971 3933 quam
990 3840 1181 3924 Timotheo,
1203 3837 1261 3904 de.

214 3959 300 4028 fama
314 3958 498 4045 dimicanti,
513 3958 632 4028 deesse.
647 3963 744 4028 Hunc
760 3960 914 4029 adversus
929 3974 1039 4028 tamen
1054 3956 1244 4027 Timotheus

215 4091 344 4173 postea,
361 4076 474 4172 populi
488 4079 600 4171 jussu,
616 4077 738 4146 bellum
755 4080 871 4172 gessit3
888 4079 1065 4172 patriaeque
1084 4075 1243 4144 sanctiora

1077 4191 1096 4262 5
