3198 5174
810 729 892 797 Vll.

620 1049 1088 1156 ALCIBIADES.

343 1683 589 1826 Ancmmnns,
606 1737 722 1807 Cliniae
741 1736 842 1824 lilius,
859 1736 1079 1808 Atheniensis.
1097 1742 1136 1806 In
1152 1740 1217 1808 hoe
1235 1753 1368 1823 natura,

340 1858 421 1950 quid
441 1857 570 1926 efficere
585 1859 702 1951 pessit,
719 1856 850 1923 videtur
865 1871 1006 1951 experta.
1026 1861 1163 1928 Constat
1180 1858 1268 1926 enim
1284 1859 1372 1926 inter

340 1978 527 2069 omnesqui
547 1976 588 2044 de
611 2000 651 2044 eo
670 1975 836 2044 memoria
854 1975 1088 2069 prodiderunt,
1109 1975 1190 2044 nihil
1215 2002 1255 2046 eo
1274 1975 1373 2044 fuisse

340 2093 568 2182 excellentius,
585 2092 636 2163 vel
653 2096 688 2162 in
701 2095 804 2183 vitiis,
821 2094 872 2163 vel
888 2095 922 2161 in
935 2095 1123 2163 virtutibus.
1137 2097 1287 2164 Natusin
1304 2121 1372 2164 am·

340 2213 487 2309 plissima
512 2217 661 2300 civitate,
686 2240 817 2283 summo
844 2239 977 2308 genere,
1002 2215 1151 2282 omnium
1175 2199 1279 2284 atatis
1306 2239 1373 2284 suae

339 2335 445 2405 multo
467 2335 741 2421 formosissimus,
765 2333 806 2402 ad
829 2358 943 2402 omnes
970 2358 1021 2401 res
1041 2348 1152 2426 aptus,
1178 2333 1373 2437 consiliique
1435 2319 1442 2326 .

339 2454 473 2549 plenus,
484 2479 626 2547 namque
641 2455 822 2547 imperator
840 2453 903 2521 fuit
916 2477 1064 2521 summus
1081 2465 1114 2520 et
1124 2454 1207 2521 mari
1223 2468 1258 2522 et
1268 2468 1371 2526 terra:

339 2574 497 2658 disertus,
511 2588 549 2641 nt
563 2573 726 2667 inprimis
743 2570 883 2641 dicendo
892 2570 1014 2640 valeret
1025 2597 1035 2657 3
1045 2587 1078 2640 et
1093 2587 1185 2641 tanta
1197 2587 1267 2642 erat
1284 2598 1374 2642 com-

338 2692 508 2761 mendatio
525 2693 592 2760 oris
610 2706 710 2784 atque
727 2692 901 2779 orationis,
922 2705 959 2760 ut
977 2717 1075 2760 nemo
1092 2694 1121 2760 ei
1140 2692 1280 2764 dicendo
1294 2718 1373 2787 pos-

340 2826 388 2880 set
413 2811 590 2880 resistere:
609 2810 863 2903 deinde,quum
886 2824 1015 2903 tempus
1039 2825 1203 2908 posceret,
1230 2811 1373 2881 laborio-

340 2955 411 3016 sus,
435 2931 577 3023 patiens,
602 2928 760 3017 liberalis,
785 2929 989 3022 splendidus,
1011 2955 1078 2998 non
1100 2932 1210 3000 minus
1233 2932 1267 2998 in
1287 2933 1373 3014 vita,

339 3074 437 3142 quam
455 3050 564 3135 victu;
580 3047 739 3135 affabilis,
759 3045 915 3135 blandus,
938 3049 1143 3143 temporibus
1156 3048 1372 3120 ,callidissime

342 3169 530 3236 inserviens.
553 3167 661 3252 Idem,
684 3165 781 3236 simul
805 3192 845 3235 ac
870 3192 904 3236 se
931 3169 1117 3255 remiserat,
1144 3194 1252 3262 neque
1274 3195 1372 3239 causa

339 3287 488 3372 suberat,
505 3311 608 3380 quare
623 3287 727 3354 animi
740 3284 886 3355 laborem
900 3285 1074 3380 perferret,
1092 3285 1296 3378 luxuriosus,
1308 3289 1373 3358 dis·

340 3405 481 3495 solutus,
491 3405 704 3492 libidinosus,
718 3406 941 3498 intemperans
950 3405 1194 3498 reperiebatur:
1205 3421 1244 3475 ut
1257 3433 1372 3476 omnes

253 3527 257 3534 '
340 3525 601 3611 admirarentur,
618 3525 653 3592 in
672 3549 740 3593 uno
756 3525 891 3592 homine
907 3536 1033 3591 tantam
1054 3525 1160 3596 inesse
1173 3525 1375 3595 dissimilitu.

340 3645 462 3731 dinem,
482 3658 617 3736 tamque
632 3645 793 3714 diversam
811 3657 974 3710 naturam.

385 3767 429 3833 II.
456 3761 624 3831 Educatus
641 3776 690 3830 est
719 3764 754 3828 in
784 3761 884 3829 domo
908 3760 1044 3830 Periclis
1072 3762 1264 3858 (privignus
1284 3768 1372 3833 enim

340 3887 409 3979 ejus
427 3882 526 3952 fuisse
543 3881 699 3974 dicitur),
717 3882 866 3950 eruditus
881 3907 901 3949 a
919 3885 1073 3970 Socrate3
1090 3909 1241 3953 socerum
1257 3887 1372 3954 habuit

339 4003 581 4096 Hipponicum,
608 4002 758 4070 omnium
793 4026 898 4095 graeca
920 4001 1034 4097 lingua
1057 4002 1264 4101 loquentium
1288 4006 1371 4073 divi·
