3168 5048
433 513 607 570 conumu
627 513 785 569 respons
805 501 1026 571 sensurus
1201 512 1238 588 89

255 643 303 708 ΙΙ.Ι
315 639 392 725 Hie,
403 636 498 706 simul
515 651 614 730 atque
629 638 759 730 imperii
775 639 899 732 potitus
917 653 980 727 est,
997 640 1159 732 persuasit
1172 641 1238 707 La·

213 758 415 826 cedaemoniis
432 771 471 824 ut
487 757 666 824 exercitum
684 758 873 826 emitterent
894 758 928 826 in
950 759 1079 845 Asiam,
1098 755 1239 825 bellum-

214 900 275 968 que
302 876 371 969 r'egi
390 874 550 962 facerent,
571 874 692 944 docens
713 875 815 944 satius
836 900 906 944 esse
928 875 963 943 in
980 877 1065 957 Asia
1082 899 1181 967 quam
1202 877 1237 942 in

161 1011 164 1018 '
212 999 344 1090 Europa
353 995 520 1064 dimicare.
530 997 683 1087 Namque
693 994 781 1064 fama
790 995 914 1064 exierat
925 997 1139 1064 Artaxerxem
1151 1019 1239 1062 com-

136 1154 137 1163 κ
212 1139 327 1208 parare
343 1113 476 1202 classes,
486 1113 719 1206 pedestresque
737 1115 915 1202 exercitus,
932 1139 1014 1206 quos
1028 1115 1062 1182 in
1074 1114 1237 1182 Graeciam

211 1223 459 1302 mitteretData
467 1246 644 1325 potestate,
658 1245 751 1300 tanta
760 1231 925 1302 celeritate
934 1258 1012 1302 usus
1027 1247 1088 1317 est,
1096 1247 1134 1300 ut
1144 1235 1236 1326 prius
1273 1245 1276 1256 ‘

211 1353 244 1421 in
261 1353 372 1421 Asiam
385 1375 462 1420 cum
479 1351 583 1444 copiis
592 1351 795 1444 pervenerit,
804 1374 903 1443 quam
913 1351 995 1445 regii
1008 1366 1145 1444 satrapae
1158 1375 1235 1419 eum

212 1473 336 1540 scirent
351 1470 556 1564 profectum3
577 1492 642 1562 quo
659 1469 849 1556 factumest
868 1485 907 1548 ut
925 1495 1038 1539 omnes
1058 1471 1236 1563 imparatos

211 1590 502 1683 imprudentesque
518 1589 708 1658 offenderet.
721 1588 761 1656 Id
777 1603 815 1656 ut
826 1574 981 1682 cognovit
993 1588 1236 1681 Tissaphernes,

128 1691 130 1695 Ι
210 1710 269 1800 qui
285 1732 450 1778 summum
466 1708 642 1802 imperium
657 1721 728 1776 tum
742 1709 827 1777 inter
842 1707 1012 1800 praefectos
1031 1706 1172 1779 hahebat
1184 1731 1236 1774 re·

211 1827 300 1920 gios,
316 1826 465 1895 inducias
485 1852 503 1893 a
520 1828 651 1894 Lacone
674 1826 804 1918 petivit,
827 1824 983 1894 simulans
1002 1850 1036 1893 se
1064 1821 1237 1918 dareope·

209 1970 280 2016 ram
302 1958 339 2013 ut
357 1944 612 2012 Lacaedemoniis
634 1967 710 2024 cum
724 1968 809 2037 rege
829 1944 1040 2032 conveniret,
1062 1968 1098 2011 re
1123 1957 1234 2011 autem
1339 2023 1342 2032 Ι

210 2089 288 2132 vera
311 2064 353 2132 ad
370 2064 482 2163 copias
499 2063 754 2155 comparandas;
770 2087 889 2156 easque
905 2063 1094 2156 impetravit
1113 2063 1237 2129 trimes-

212 2184 438 2284 creaturalis
457 2196 565 2249 autem
586 2196 724 2274 uterque
748 2206 782 2250 se
799 2182 869 2250 sine
887 2179 963 2249 dolo
983 2180 1130 2249 inducias
1157 2204 1236 2276 eon·

210 2314 437 2386 servaturum
458 2301 493 2368 in
511 2325 576 2392 qua
597 2301 749 2392 pactione
764 2325 891 2368 summa
907 2300 971 2388 fide
988 2299 1109 2366 mansit
1123 2300 1236 2392 Agesi-

179 2497 181 2506 γ
212 2416 284 2486 laus
304 2443 312 2486 t
332 2433 446 2486 contra
468 2443 506 2486 ea
527 2418 760 2512 Tissaphernes
779 2416 861 2485 nihil
881 2417 970 2485 aliud
996 2442 1093 2509 quam
1112 2415 1235 2484 bellum

210 2540 425 2629 comparavit.
444 2537 485 2604 Id
503 2538 565 2606 etsi
583 2538 745 2606 sentiebat
760 2539 864 2624 Laco,
879 2551 988 2604 tamen
1004 2536 1235 2630 jusjurandum
1252 2622 1254 2626 .

209 2656 377 2742 servabat,
392 2652 602 2749 multumque
619 2638 653 2724 in
670 2681 709 2724 eo
725 2680 759 2725 se
780 2657 936 2748 consequi
952 2656 1096 2740 dicebat,
1115 2655 1235 2748 «quod

208 2774 444 2867 Tissaphernes
460 2775 606 2868 perjurio
621 2799 681 2843 suo
698 2789 732 2842 et
748 2775 897 2842 homines
912 2775 979 2843 suis
1000 2775 1099 2842 rebus
1118 2771 1236 2842 abalie-
1284 2783 1292 2792 ’“

211 2907 322 2976 naret,
337 2909 371 2961 et
379 2893 457 2961 deos
472 2894 533 2962 sihi
551 2895 651 2962 iratos
666 2894 837 2979 redderet3
855 2918 890 2962 se
902 2908 1029 2981 autem,
1043 2907 1171 2960 servata
1185 2917 1236 2961 re·

209 3010 347 3104 ligione‚
380 3013 576 3080 confirmare
605 3014 800 3100 exercitum,
833 3036 936 3104 quum
963 3011 1237 3081 animadverteret

209 3133 349 3201 deorum
368 3157 491 3200 numen
505 3132 611 3201 lacere
626 3156 756 3217 secum,
768 3117 982 3224 hominesque
996 3132 1057 3200 sihi
1067 3130 1236 3200 conciliari
1301 3125 1303 3130 ’

104 3242 107 3248 ’
208 3251 398 3340 amiciores,
427 3252 516 3345 quod
540 3247 591 3332 his
616 3251 747 3320 studere
770 3265 979 3321 consuessent
1003 3275 1085 3344 quos
1108 3275 1237 3335 conser-

209 3394 288 3438 vare
306 3370 404 3438 fidem
424 3372 583 3440 viderent.
600 3401 616 3435 »

260 3489 320 3556 III.
345 3492 524 3582 Postquam
547 3490 755 3579 induciarum
775 3491 931 3583 praeteriit
955 3489 1040 3577 dies,
1060 3489 1236 3576 barbarus,

210 3633 280 3676 non
299 3607 469 3695 dubitans,
490 3609 579 3700 quod
603 3610 704 3702 ipsius
728 3623 821 3677 erant
846 3607 988 3704 plurima
1010 3608 1175 3679 domicilia
1202 3609 1236 3675 in

210 3728 326 3813 Caria,
346 3741 381 3794 et
403 3752 442 3794 ea
463 3729 553 3822 regio
570 3729 622 3796 his
642 3729 844 3822 temporibus
867 3727 970 3796 multo
994 3729 1172 3822 putabatur
1188 3726 1236 3795 lo-

211 3844 449 3940 cupletissima,
471 3871 511 3914 eo
530 3847 736 3939 potissimum
757 3847 866 3916 hostes
893 3849 1052 3941 impetum
1072 3848 1236 3930 facturos,

211 3989 326 4033 omnes
343 3988 417 4033 suas
435 3967 545 4058 copias
565 3990 604 4033 eo
618 3981 836 4034 contraxerat.
853 3971 898 4034 At
914 3964 1082 4060 Agesilaus
1090 3966 1125 4032 in
1137 3965 1237 4058 Phry·

212 4083 299 4176 giam
313 4108 349 4153 se
366 4085 547 4192 convertit,
570 4107 707 4177 eamque
722 4085 813 4177 prius
830 4083 1047 4178 depopulatus
1065 4098 1116 4151 est
1136 4107 1236 4176 quam
