3198 5174
490 641 664 698 CORNELII
684 642 842 700 NEPOTIS
862 644 989 700 croton.
1210 670 1244 722 ²7

231 793 386 838 summam
405 766 648 850 liberalitatem,
662 767 815 862 magnam
829 769 1038 862 prudentiam
1055 797 1158 865 quum
1170 771 1251 864 juris

227 887 345 968 civilis,
367 900 437 955 tum
465 888 512 954 rei
536 884 702 974 militaris,
723 886 813 978 quod
839 911 912 956 cum
941 903 1070 982 patrea
1094 917 1195 984 puero
1210 893 1245 961 in

227 1006 422 1074 exercitibus
438 1005 547 1092 fuerat
562 1019 719 1074 versatus.
734 1008 850 1098 Itaque
863 1006 919 1074 hic
931 999 964 1074 et
981 1007 1144 1101 populum,
1156 1009 1253 1077 urba·

226 1149 305 1192 num
316 1125 351 1192 in
358 1135 420 1192 ‘sna
434 1125 541 1192 tenuit
551 1137 725 1217 potestate,
736 1139 770 1192 et
777 1124 866 1217 apud
875 1126 1054 1195 exercitum
1072 1117 1250 1220 plurimum

227 1242 330 1338 valuit
357 1244 564 1312 auctoritate.
592 1243 760 1330 Primum,
789 1245 985 1337 imperator,
1009 1247 1098 1340 apud
1131 1247 1252 1314 flumen

227 1367 404 1458 Strymona
412 1363 549 1456 magnas
561 1363 672 1456 copias
681 1363 846 1431 Thracum
856 1363 1164 1459 fugavittoppidum
1175 1369 1253 1434 Am·

227 1475 388 1578 phipolim
414 1484 599 1570 constituit,
624 1508 728 1575 eoque
748 1483 860 1552 decem
881 1483 981 1553 millia
1001 1487 1251 1555 Atheniensium

137 1602 139 1606 ’
227 1607 262 1671 in
279 1601 443 1672 coloniam
462 1601 561 1670 misit.
581 1601 674 1670 Idem
700 1603 819 1671 iterum
839 1605 928 1697 apud
944 1604 1095 1698 Mycalen
1117 1609 1254 1700 Cyprio-

228 1748 300 1792 rum
311 1737 344 1791 et
355 1722 548 1791 Phoenicum
560 1720 774 1790 ducentarum
793 1723 928 1790 navium
944 1721 1077 1792 classem
1092 1724 1253 1794 devictam

228 1844 334 1936 cepit3
348 1841 528 1934 eodemque
544 1829 597 1906 die
608 1840 679 1932 pari
692 1840 822 1908 fortuna
837 1841 974 1910 interra
988 1866 1065 1911 usus
1078 1857 1126 1911 est
1141 1868 1149 1910 :
1163 1867 1254 1912 nam·
1284 1922 1285 1925 Ἴ

229 1985 293 2052 que
309 1960 454 2029 hostium
471 1959 609 2028 navibus
622 1960 743 2051 captis,
762 1960 872 2036 stetim
888 1984 927 2028 ex
943 1958 1043 2030 classe
1061 1963 1170 2054 copias
1180 1987 1255 2030 suas

146 2141 148 2156 ,
232 2077 355 2164 eduxit,
376 2078 593 2147 barbarorum
620 2104 687 2146 uno
710 2104 871 2148 concursu
895 2081 1070 2149 maximam
1090 2085 1158 2148 vim
1181 2107 1257 2174 pro-

229 2197 354 2266 stravit.
366 2201 443 2286 Qua
454 2199 591 2267 victoria
605 2202 724 2290 magna
734 2197 843 2290 praeda
856 2200 994 2291 potitus,
1009 2224 1111 2292 quum
1121 2199 1255 2269 domum

229 2329 463 2404 reverteretur,
486 2316 575 2409 quod
592 2318 661 2410 jam
680 2316 846 2386 nonnullae
865 2317 992 2403 insulae,
1010 2333 1145 2411 propter
1162 2344 1256 2388 acer·

229 2436 368 2504 bitatem
379 2437 524 2529 imperii,
542 2436 745 2521 defecerant,
758 2437 841 2505 bene
858 2438 1017 2504 animatas
1033 2436 1255 2523 confirmavit,

230 2553 385 2626 alienatas
408 2557 450 2626 ad
475 2555 620 2626 officium
644 2555 752 2623 redire
777 2555 894 2648 coegit.
919 2557 1072 2648 Scyrum,
1095 2580 1194 2648 quam
1217 2581 1257 2624 eo

230 2692 378 2770 tempore
393 2677 538 2770 Dolopes
560 2675 762 2762 incolebant,
780 2675 869 2769 quod
889 2677 1115 2743 contumacius
1134 2701 1168 2743 se
1190 2701 1258 2770 ges·

230 2811 341 2865 serant
351 2849 361 2882 ,
370 2796 566 2883 vacuefecit,
580 2819 720 2864 sessores
734 2810 861 2863 veteres
873 2795 954 2882 urbe
967 2793 1139 2888 insulaque
1151 2796 1255 2888 ejecit,

229 2941 325 3012 agros
343 2917 470 2984 civibus
489 2915 610 2984 divisit.
634 2916 786 2998 Thasios,
807 2912 974 3006 opulentia
991 2913 1108 3000 fretos,
1127 2939 1186 2982 suo
1202 2914 1258 2982 ad·
1300 2902 1302 2906 ¹

230 3052 331 3107 ventu
352 3037 457 3132 fregit.
482 3038 541 3104 His
562 3061 602 3104 ex
623 3035 787 3104 manubiis
812 3059 871 3101 arx
894 3035 1114 3121 Athenarum,
1133 3060 1198 3127 qua
1216 3035 1258 3103 ad

230 3157 398 3252 meridiem
412 3159 535 3251 vergit,
553 3171 602 3231 est
622 3171 748 3224 ornata.
1156 3136 1158 3142 s
1180 3139 1183 3145 ¹

277 3282 335 3348 HI.
354 3267 485 3368 Quibus
502 3277 601 3346 rebus
620 3295 722 3369 quum
739 3301 825 3343 unus
842 3277 877 3342 in
895 3275 1026 3343 civitate
1044 3277 1184 3342 maxime
1200 3274 1259 3342 flo-

230 3415 330 3488 reret,
348 3399 465 3468 incidit
481 3401 515 3465 in
530 3397 677 3466 eamdem
696 3395 873 3480 invidiam,
889 3419 989 3486 quam
1005 3411 1098 3488 pater
1117 3417 1194 3461 suus
1209 3419 1259 3460 cc-

231 3521 357 3615 ferique
382 3518 630 3588 Atheniensium
645 3515 823 3608 ‘principes
842 3538 942 3582 :narn
965 3528 1124 3581 testarum
1145 3511 1260 3580 suffra-

231 3641 305 3733 giis,
317 3638 407 3731 quod
421 3637 469 3705 illi
480 3617 708 3705 ostracismnm
723 3649 856 3720 vocant,
867 3633 980 3701 decem
997 3658 1161 3701 annorum
1176 3635 1259 3700 exsi-

230 3759 274 3836 lio
292 3756 450 3826 multatus
467 3772 525 3824 est.
541 3756 644 3849 Cujus
664 3755 741 3822 facti
758 3751 895 3820 celerius
909 3753 1140 3837 Athenienses,
1159 3778 1258 3845 quam

231 3883 351 3974 ipsum,
365 3877 529 3971 poenituit.
544 3877 630 3944 Nam
649 3899 753 3966 quum
769 3871 823 3940 ille
839 3872 918 3954 forti
935 3873 1047 3972 animo
1061 3872 1191 3940 invidiae
1208 3874 1258 3938 in·

232 3977 400 4093 gratorum
408 3999 530 4064 civium
543 3996 704 4082 cessisset,
714 3991 903 4085 bellumque
911 3991 1148 4060 Lacedaemonii
1160 3991 1260 4059 Athe·

231 4121 400 4188 niensibus
418 4118 633 4201 indixissent3
649 4115 822 4184 confestim
843 4127 928 4181 notae
947 4115 1016 4205 ejus
1033 4111 1163 4178 virtutis
1177 4109 1259 4178 desi·

231 4241 358 4310 ‹leriurn
379 4253 594 4307 consecutum
617 4251 673 4304 est.
696 4239 812 4328 Itaque
837 4248 912 4326 post
938 4256 1060 4299 annum
1089 4231 1259 4322 quintum,
