3198 5174
361 517 394 555 12
698 499 873 556 CORNELII
894 501 1048 556 NEPOTIS

357 629 443 694 etin
464 641 550 694 terra
579 626 728 694 dimicari
746 627 850 720 magis
875 625 1034 719 placebat.
1052 628 1168 719 Itaque
1190 629 1281 696 missi
1308 644 1383 699 sunt

357 746 477 815 delecti
492 770 568 814 curn
585 746 747 832 Leonida,
765 745 1090 814 Lacedaemoniorum
1107 771 1197 840 rege,
1209 750 1266 840 qui
1277 749 1382 818 Ther-

355 865 504 959 mopylas
516 881 737 958 occuparent,
758 864 954 958 longiusque
970 865 1126 932 barbaros
1143 866 1298 960 progredi
1315 893 1382 935 non

355 1001 557 1079 paterentur.
587 987 632 1053 Hi
653 986 722 1052 vim
748 983 893 1052 hostium
922 1007 989 1051 non
1012 985 1258 1072 sustinuerunt,
1279 1011 1388 1078 eoque.

355 1105 429 1175 loco
452 1131 566 1174 omnes
590 1105 797 1173 interierunt.
824 1107 867 1173 At
896 1101 1006 1171 classis
1035 1105 1220 1171 communis
1246 1107 1383 1174 Graeciae

354 1240 579 1307 trecentarum
599 1225 748 1311 navium,
773 1225 807 1290 in
831 1247 895 1315 qua
920 1223 1068 1290 ducentae
1089 1236 1184 1290 erant
1202 1222 1383 1291 Athenien·

353 1346 454 1431 sium,
472 1345 616 1437 primum
636 1343 724 1436 apud
742 1343 969 1428 Artemisium,
987 1342 1072 1410 inter
1084 1342 1259 1428 Euboeam,
1277 1345 1383 1410 conti»

351 1479 553 1555 nantemque
578 1479 712 1549 terram,
730 1487 805 1530 cum
824 1460 996 1529 classiariis
1019 1463 1117 1554 regiis
1138 1461 1304 1548 conflixit3
1322 1489 1379 1530 an-

351 1583 475 1676 gustias
487 1583 575 1650 enirn
587 1580 822 1649 Themistocles
835 1580 1021 1672 quaerebat,
1039 1604 1081 1647 ne
1092 1579 1304 1680 multitudine
1317 1583 1381 1649 cir·
1404 1621 1406 1628 ,

352 1703 544 1769 cumiretur.
569 1702 656 1768 Hine
684 1702 744 1768 etsi
770 1701 842 1792 pari
871 1698 987 1791 proelio
1010 1698 1246 1786 discesserant,
1266 1714 1376 1774 tamen

351 1819 466 1887 eodem
487 1818 559 1898 loco
576 1844 644 1886 non
661 1834 738 1888 sunt
748 1819 819 1886 ausi
831 1842 963 1885 manere
974 1843 981 1884 :
992 1817 1081 1910 quod
1097 1833 1168 1886 erat
1178 1817 1360 1912 periculum
1370 1855 1385 1905 ,¹

352 1965 408 2027 ne,
427 1941 453 2007 si
470 1964 545 2032 pars
572 1941 705 2007 navium
722 1938 984 2006 adversariorum
1005 1938 1161 2006 Euboeam
1177 1955 1376 2031 superasset,
1463 1973 1473 1995 ο

349 2061 487 2152 ancipiti
512 2072 743 2151 premerentur
770 2054 927 2150 periculo.
947 2059 1024 2144 Quo
1042 2056 1165 2125 factum
1191 2073 1252 2144 est,
1274 2073 1311 2126 ut
1336 2061 1376 2126 ab

348 2179 524 2248 Artemisio
548 2177 772 2263 discederent,
796 2192 829 2244 et
857 2176 1069 2244 exadversum
1095 2177 1258 2264 Athenas,
1288 2177 1375 2270 apud

348 2295 528 2386 Salamina,
546 2296 680 2367 classem
699 2321 792 2363 suam
806 2296 1052 2363 constituerent.

394 2420 452 2486 IV.
471 2421 515 2487 At
531 2423 673 2503 XerxeS,
685 2412 912 2508 Thermopylis
929 2418 1138 2508 expugnatiS,
1156 2417 1308 2508 protinus
1323 2441 1376 2484 ac·

346 2541 443 2606 cessit
461 2543 562 2624 Astu,
584 2538 700 2630 idque,
720 2535 818 2604 nullis
844 2535 1110 2621 defendentibus,
1129 2536 1308 2605 interfectis
1326 2563 1397 2620 sa-¹

346 2657 554 2741 cerdotibus,
583 2682 665 2749 quos
690 2658 725 2723 in
746 2681 820 2724 arce
848 2657 1036 2741 invenerat,
1062 2655 1214 2723 incendio
1240 2656 1372 2725 delevit.

345 2777 450 2868 Cujus
467 2776 554 2843 fame
573 2777 740 2869 perterriti
755 2773 911 2842 classiarii
927 2799 1030 2868 quum
1042 2799 1174 2842 manere
1191 2801 1257 2843 non
1276 2777 1374 2845 aude·

344 2910 439 2982 rent,
468 2911 501 2962 et
525 2894 659 2987 plurimi
683 2895 895 2962 hortarentur
921 2907 960 2961 ut
985 2894 1099 2962 domos
1129 2919 1202 2962 suas
1224 2895 1371 2964 discede-

342 3031 431 3101 rent,
453 3015 679 3107 moenibusque
705 3039 738 3083 se
764 3014 993 3095 defenderent3
1023 3014 1258 3081 Themistocles
1285 3041 1369 3083 unus

341 3136 479 3217 restitit,
500 3151 533 3202 et
554 3136 722 3202 universos
744 3160 812 3202 esse
834 3159 927 3227 pares
949 3135 1075 3218 aiebat,
1091 3133 1252 3226 dispersos
1272 3150 1368 3202 testa-

340 3257 439 3324 batur
462 3257 635 3347 perituros.
662 3254 767 3346 ldque
790 3253 986 3346 Eurybiadi,
1017 3257 1085 3346 regi
1108 3254 1370 3322 Lacedaemonio-

338 3401 431 3461 runr,
450 3376 506 3467 qui
524 3389 594 3441 turn
613 3399 747 3440 summae
770 3375 899 3465 imperii
917 3388 1068 3466 praeerat,
1086 3374 1155 3441 fore
1172 3374 1366 3443 affirmabat.

340 3497 449 3582 Quem
474 3519 576 3586 quum
604 3494 729 3571 minus,
751 3518 850 3584 quam
875 3491 989 3574 vellet,
1015 3507 1176 3579 moveret,
1199 3509 1299 3562 noctu
1328 3495 1367 3561 de

339 3615 441 3681 servis
459 3614 542 3698 suiS,
569 3637 667 3704 quern
686 3611 802 3679 habuit
819 3609 1058 3696 fidelissimum,
1076 3611 1117 3678 ad
1133 3637 1243 3705 regem
1263 3617 1365 3698 misit,

340 3749 377 3800 ut
390 3734 420 3800 ei
432 3732 597 3819 nuntiaret
609 3733 674 3798 suis
688 3731 811 3816 verbis,
826 3730 1060 3800 «Adversarius
1070 3732 1139 3822 ejus
1151 3733 1184 3798 in
1195 3731 1271 3825 fuga
1283 3757 1364 3800 esse:

339 3854 395 3945 qui
412 3853 439 3919 si
455 3851 690 3930 discessissent,
709 3851 832 3942 majore
847 3875 923 3916 eum
939 3847 1070 3936 labore,
1088 3865 1120 3918 ct
1137 3851 1366 3945 longinquiore

339 3986 486 4065 tempore
501 3968 624 4038 bellurn
641 3969 883 4055 confecturum,
901 3995 1003 4061 quum
1019 3969 1164 4065 singulos
1184 3975 1365 4041 consectari

341 4104 532 4182 cogeretur:
547 4112 628 4180 quos
648 4089 673 4154 si
694 4089 802 4154 statim
820 4089 1070 4182 aggrederetur,
1087 4091 1176 4156 brevi
1196 4092 1365 4159 universos
