3114 5032
376 431 429 500 ιρι,
639 421 794 478 roannrs
816 379 929 476 nana.
950 421 1146 478 saurauer„

373 548 462 606 nostri
480 547 566 604 meoli
584 545 636 602 viri
655 545 773 615 eruditi,
791 555 822 602 ut
839 546 957 602 studiosi
976 547 1130 604 litterarum
1150 548 1443 606 animadversiones

373 644 431 714 ejus
447 651 580 715 tanquam
591 640 735 712 speculum
747 638 815 694 artis
828 639 1015 712 grammatice
1027 639 1165 712 inspicere
1176 640 1361 711 jubeantur?
1376 643 1443 698 Di-

373 736 411 791 cit
432 753 457 792 e.
474 752 501 809 g.
522 731 620 788 Bosius
638 729 668 786 in
685 740 782 786 annot.
800 729 838 785 ad
854 729 956 786 Timol.
975 749 1030 798 111,
1049 749 1090 785 a:
1114 731 1195 786 Tota·
1212 733 1332 801 insulae,
1361 753 1438 788 nora

371 828 434 895 toti,
447 826 540 882 rectel
554 841 678 880 asserens
690 821 721 877 id
732 832 831 878 contra
839 839 868 878 se
883 822 975 896 ipsum
987 818 1140 897 (habuerat
1152 823 1229 877 enim
1242 822 1275 878 in
1285 824 1438 882 editione

372 920 466 993 priore
487 914 563 994 toti),
589 924 618 971 et
641 924 740 970 contra
763 911 849 970 fidem
871 913 1009 970 librorum
1031 913 1089 970 lere
1111 914 1246 970 omnium.
1270 918 1435 973 Monstrat

372 1011 447 1068 enim
459 1009 571 1066 libellus
580 1006 787 1076 Fischerianus,
799 1007 891 1061 solam
899 1005 1026 1062 codicem
1038 1005 1218 1062 Gifanianum
1225 1009 1326 1081 legere
1335 1021 1430 1077 τοίω,

371 1115 399 1159 et
408 1103 583 1158 adducuntur
591 1109 689 1158 contra
702 1116 736 1154 ea
743 1097 877 1155 tredecim
891 1108 948 1152 tam
960 1097 1071 1154 codices
1083 1115 1167 1171 quam
1175 1098 1333 1170 editiones,
1350 1121 1432 1158 con-

371 1192 625 1252 sentientesintotr'.
635 1190 698 1246 Pari
710 1190 798 1247 modo
811 1190 933 1263 pretulit
944 1190 1044 1246 Rosius
1056 1193 1126 1264 neg.
1142 1209 1222 1260 11,=1,
1234 1194 1403 1250 lectionem
1418 1217 1428 1251 :

370 1287 409 1344 Hi
430 1287 488 1342 fere
510 1285 621 1340 filerunt
641 1283 761 1339 Gruect'oe
777 1281 867 1356 gentis
890 1280 982 1337 duces.
1003 1283 1118 1351 Fateor,
1137 1283 1193 1358 legi
1217 1284 1306 1340 etiam
1330 1287 1374 1360 ita
1394 1290 1428 1344 in

371 1379 497 1436 editione
520 1374 664 1449 principe;
685 1373 735 1428 scd
761 1374 873 1446 legunt,
899 1374 1011 1428 Groecoe
1030 1373 1136 1447 gentis,
1158 1385 1260 1448 prater·
1284 1378 1428 1435 codicem

371 1469 568 1536 Thottianum,
578 1467 763 1522 boeclenanus
776 1474 804 1520 et
815 1464 991 1534 Annianus,
1004 1477 1032 1521 et
1044 1465 1106 1539 quis
1117 1485 1178 1522 non
1187 1466 1276 1537 videt,
1287 1469 1350 1526 hoc
1359 1489 1427 1528 esse

371 1560 494 1618 rectius?
509 1561 579 1616 Tam
596 1576 690 1633 pravae
705 1555 772 1612 artis
788 1556 948 1630 corrigendi
965 1575 1045 1613 mann
1060 1560 1201 1634 perspicio
1218 1561 1346 1631 nullum,
1364 1564 1427 1619 nisi

372 1666 403 1712 nt
420 1671 505 1727 vaga,
523 1652 630 1706 incerta
651 1661 678 1705 et
695 1667 791 1724 aspera
811 1649 966 1706 reddantur
982 1652 1120 1708 elementa
1137 1653 1239 1726 linguae
1259 1653 1373 1725 latinae,
1396 1667 1427 1711 et

373 1757 402 1802 ut
414 1745 496 1818 nugis
513 1742 700 1811 detineantur,
716 1738 979 1816 difficultatibusque
994 1741 1174 1817 implicentur
1184 1744 1283 1818 pueri,
1300 1747 1427 1803 utilissi-

371 1855 450 1893 mum
465 1844 607 1890 auctorem
624 1835 755 1907 legentes.

411 1929 460 1984 111.
476 1925 642 2001 Negandum
659 1924 773 1999 quidem
792 1943 852 1981 non
865 1935 918 1995 est,
930 1925 1080 2000 scriptores
1092 1936 1201 1984 veteres
1213 1927 1319 1984 utinos
1334 1949 1423 1987 usur-

372 2037 453 2094 passe
469 2035 673 2091 nonnunquam
685 2035 769 2072 voces
784 2016 919 2085 rariores,
934 2017 1095 2073 adhibuisse
1111 2019 1196 2074 etiam
1212 2021 1341 2090 Graecas,
1362 2041 1422 2096 quo

373 2112 525 2170 accuratius
537 2129 598 2166 rem
616 2109 841 2166 demonstrarent
858 2108 966 2164 civibus
979 2109 1034 2164 sais
1050 2129 1151 2184 parurn
1162 2120 1268 2166 notam
1287 2113 1348 2168 Sed
1361 2134 1421 2171 vo-

373 2223 418 2261 ces
435 2205 473 2261 ab
486 2222 538 2260 usu
552 2202 654 2275 linguae
671 2199 764 2255 latina
780 2201 885 2256 alienas
900 2200 930 2254 in
943 2200 1035 2257 nitido
1050 2213 1164 2258 auctore
1180 2213 1286 2258 temere
1309 2205 1419 2261 admit—

373 2297 471 2354 tendas
485 2293 561 2350 haud
575 2303 653 2367 puto.
667 2292 760 2347 Habet
774 2310 797 2348 e.
810 2310 838 2366 g.
856 2291 943 2348 editio
957 2293 1088 2363 Bosiana,
1103 2304 1131 2350 et
1147 2304 1267 2367 quatuor
1282 2295 1340 2350 illae
1356 2316 1421 2370 qua

374 2407 435 2444 eam
452 2375 782 2461 sequuntbr,Thras.11,
802 2402 833 2454 a,
850 2387 1025 2454 Actoeontm5
1042 2386 1149 2441 hahent
1163 2385 1281 2456 adem,
1296 2400 1421 2463 excepta

374 2479 611 2553 Heusingeriana,
627 2475 716 2532 Alcib.
736 2495 782 2545 rv,
804 2474 838 2546 3,,
857 2477 979 2532 Tricrene
995 2495 1013 2532 a
1028 2479 1126 2534 Graeco
1144 2473 1259 2550 τριήρης.
1270 2480 1421 2552 Legeramt

374 2582 438 2629 ante
453 2571 567 2627 Bosium
580 2567 718 2624 editiones
731 2566 844 2642 optimae
855 2567 899 2622 his
912 2567 942 2622 in
955 2567 1038 2637 locis,
1051 2570 1206 2624 Atticorum
1219 2580 1246 2625 et
1258 2571 1418 2640 ocientem,

375 2683 435 2740 ‘1¹¹2
447 2663 535 2719 verba
547 2661 623 2717 idem
635 2657 805 2733 significant,
813 2661 958 2734 multoque
970 2660 1129 2735 magisusui
1142 2671 1169 2717 et
1177 2661 1220 2717 rei
1232 2661 1287 2735 ipsi
1294 2681 1421 2737 respon-

374 2758 451 2814 dent.
469 2752 645 2811 Confirmant
661 2754 712 2810 has
729 2751 864 2808 lectiones
881 2751 969 2808 editio
988 2752 1134 2826 princeps,
1152 2765 1192 2822 et,
1210 2765 1313 2827 preter
1329 2756 1420 2828 alios,

375 2847 464 2904 codex
477 2845 653 2902 Thottianus.
663 2843 734 2912 Quis
746 2861 807 2898 non
820 2843 927 2912 credat,
936 2843 975 2904 ita
988 2843 1128 2918 scripsisse
1137 2845 1229 2920 ipsum
1238 2846 1406 2903 Cornelium
1410 2891 1420 2918 ,

376 2950 404 2994 et
423 2936 647 2992 immutationem
660 2951 809 3008 perperam
826 2953 843 2988 a
855 2934 939 2990 Bosio
956 2953 1014 2990 esse
1030 2935 1153 2992 laetam?

415 3030 463 3084 IV.
477 3027 654 3084 Lectitahant
665 3035 773 3081 veteres
786 3026 888 3094 Graeci,
902 3037 930 3082 et
941 3027 1034 3082 Latini
1046 3027 1131 3094 etiam
1144 3029 1297 3096 doctiores,
1309 3031 1418 3086 Home-

376 3141 450 3190 rum,
472 3139 506 3176 ea
524 3118 684 3192 diligentia,
704 3127 735 3173 ut
753 3118 888 3181 memoria
913 3137 993 3193 paene
1014 3129 1142 3176 tenerent
1162 3122 1331 3178 immortalia
1356 3123 1418 3195 ejus

377 3224 514 3289 poemata.
529 3212 599 3268 Ideo
619 3229 678 3266 non
695 3211 811 3280 mittun,
825 3211 848 3266 si
862 3229 925 3266 eum
942 3211 1058 3266 citantes
1075 3213 1244 3287 quander
1260 3214 1290 3268 in
1307 3214 1416 3270 vocarlis

377 3319 424 3364 ant
430 3307 513 3363 rebus
530 3303 643 3360 minutis
658 3314 793 3360 errarunt.
812 3303 919 3358 Accidit
936 3302 966 3359 id
981 3305 1084 3378 Nepoti
1096 3305 1127 3360 in
1139 3306 1197 3360 vita
1209 3307 1348 3376 Datamis,
1365 3308 1416 3363 ubi

377 3399 486 3473 'ibyum
498 3405 636 3453 memorat
652 3406 749 3451 natum
767 3394 882 3467 antiquo
901 3413 1002 3468 genere
1018 3397 1055 3451 ab
1067 3396 1118 3452 illo
1134 3399 1312 3471 Pylaemene,
1329 3418 1415 3472 quern

376 3492 516 3547 Homerus
540 3488 631 3545 troico
654 3487 731 3543 hello
758 3505 774 3541 a
796 3487 928 3541 Patroclo
951 3487 1126 3544 interfectum
1152 3489 1200 3546 ait.
1222 3491 1357 3564 Respexit
1378 3491 1414 3547 ad

376 3583 458 3662 Iliad.
485 3583 505 3636 l.
525 3601 556 3650 v,
571 3601 598 3636 v.
619 3577 798 3654 576-579.
815 3578 862 3633 Ibi
875 3591 1046 3636 memoratur
1066 3582 1234 3654 Pylemenes
1251 3583 1412 3657 Paphlago·

377 3693 445 3730 num
459 3669 633 3751 μιγοιθύμων
653 3667 800 3728 &trusbut
817 3671 963 3746 princeps,
980 3671 1140 3728 interfectus
1157 3692 1174 3728 a
1191 3675 1338 3744 Menelao,
1352 3694 1413 3730 non

376 3766 547 3834 aPatroclo,
565 3764 612 3838 qui
628 3774 687 3820 nam
705 3762 818 3820 Achillis
831 3782 924 3820 comes
936 3773 965 3820 et
980 3781 1081 3838 pugnae
1096 3783 1195 3838 expers
1211 3777 1279 3822 erat.
1292 3767 1357 3822 Non
1370 3766 1413 3822 fe-

375 3857 447 3914 fellit
459 3857 621 3914 Cornelium
632 3855 783 3924 memoria,
795 3856 825 3910 in
838 3855 872 3912 iis
886 3875 947 3930 quse
958 3857 1080 3914 maxime
1093 3857 1130 3913 ad
1146 3875 1208 3914 rem
1220 3859 1414 3916 illustrandam

376 3949 524 4006 faciehant.
537 3952 581 4004 De
599 3949 680 4022 Thyo
696 3948 908 4021 Paphlagonum
923 3949 1050 4022 principe
1066 3950 1198 4022 loquens,
1218 3951 1359 4018 meminit,
1378 3969 1414 4006 ex

375 4043 501 4100 Homero
517 4040 697 4118 comprobari
714 4058 812 4115 posse,
827 4039 886 4112 jam
904 4040 973 4096 olim
988 4041 1183 4116 Paphlagones
1198 4044 1254 4100 suis
1270 4061 1335 4098 usos
1353 4061 1415 4099 esse
