3168 5048
331 495 385 564 134
672 493 847 551 CORNELII
866 495 1023 551 NEPOTIS
1059 547 1062 558 „

325 618 472 687 tumultu
491 620 655 688 civitatem
673 645 742 689 esse
759 621 1004 714 perturbatam,
1022 635 1129 712 neque
1150 619 1210 688 sibi
1229 619 1300 690 dari
1319 621 1365 690 fa-

325 738 481 808 cultatem
499 766 562 834 pro
583 740 743 834 dignitate
763 737 907 826 vivendi,
927 739 1008 832 quin
1028 737 1220 807 alterutram
1238 754 1364 834 partem

325 857 521 947 offenderet,
534 859 715 928 dissociatis
734 860 850 927 animis
865 860 1000 941 civium,
1015 877 1119 950 quum
1138 857 1191 926 alii
1206 858 1364 944 Sullanis,

324 977 379 1046 alii
405 980 564 1048 Cinnanis
587 978 733 1047 faverent
756 979 921 1072 partibus3
945 976 1100 1045 idoneum
1121 992 1250 1073 tempus
1263 994 1364 1076 'ratus

324 1098 440 1168 studiis
462 1098 666 1192 obsequendi
687 1099 778 1186 suis,
792 1098 936 1168 Athenas
959 1121 993 1166 se
1015 1095 1164 1166 contulit.
1182 1099 1310 1191 *Neque
1326 1125 1365 1169 eo

324 1220 428 1288 secius
455 1216 694 1288 adolescentem
717 1216 881 1302 Marium,
904 1217 1033 1285 hostem
1053 1190 1255 1308 iudicatum,
1278 1218 1364 1309 juvit

322 1337 442 1432 opibus
461 1339 544 1425 suis,
564 1337 658 1430 cujus
676 1336 789 1431 fugam
807 1336 947 1431 pecunia
965 1333 1161 1432 sublevavit..
1175 1338 1238 1423 Ac,
1255 1362 1296 1404 ne
1309 1336 1364 1406 illa

322 1458 544 1551 peregrinatio
565 1455 799 1554 detrimentum
819 1454 953 1548 aliquod
971 1453 1107 1532 ,afferret
1128 1455 1176 1523 rei
1194 1454 1363 1545 familiari,

322 1575 437 1644 eodem
451 1600 606 1669 magnam
619 1590 746 1669 partem
763 1575 973 1643 fortunarum
990 1573 1119 1666 trajecit
1137 1599 1281 1643 suarum.
1302 1579 1365 1646 Hic

323 1698 369 1763 ita
380 1695 475 1782 vixit,
495 1710 533 1763 ut
551 1695 711 1763 universis
728 1694 982 1765 Atheniensibus
998 1694 1116 1761 merito
1133 1709 1217 1762 esset
1237 1697 1364 1765 carissi-

322 1838 405 1881 mus.
425 1816 512 1884 Nam
523 1828 642 1909 praeter
654 1815 807 1910 gratiam,
822 1838 896 1907 quae
908 1812 978 1905 jam
989 1814 1025 1880 in
1037 1811 1282 1884 adolescentulo
1298 1841 1365 1883 ma-

322 1957 390 2027 gna
404 1933 491 2020 erat,
510 1957 594 2029 saepe
612 1935 679 2002 suis
698 1934 817 2027 opibus
835 1933 981 2025 inopiam
1000 1953 1116 2000 eorum
1135 1929 1302 2025 publicam
1320 1931 1365 2001 le-
1456 1983 1459 1989 -

322 2055 419 2121 vavit
433 2055 549 2142 Quum
566 2055 654 2122 enim
668 2077 836 2122 versuram
849 2051 956 2121 lacere
972 2050 1104 2146 publice
1121 2076 1250 2120 necesse
1264 2067 1363 2141 esset,

282 2235 283 2238 ,
321 2192 428 2266 neque
446 2173 516 2265 ejus
536 2173 757 2242 conditionem
775 2197 903 2264 aquam
922 2171 1097 2256 baberent3
1115 2196 1245 2266 semper.
1260 2197 1295 2242 se
1313 2174 1363 2242 in·

320 2283 497 2387 terposuit,
512 2308 611 2386 atque
626 2295 690 2382 ita,
706 2307 744 2361 ut
761 2317 869 2385 neque
887 2316 1022 2360 usuram
1035 2316 1184 2385 unquam
1197 2291 1238 2360 ab
1253 2293 1293 2360 iis
1310 2317 1363 2361 ac-

320 2415 463 2508 ceperit,
483 2438 591 2505 neque
609 2412 756 2508 longius,
778 2437 879 2506 quam
902 2411 1027 2480 dictum
1049 2426 1147 2500 esset,
1168 2437 1224 2496 eos
1246 2413 1364 2482 debere

320 2557 434 2626 passus
453 2533 505 2601 sit.
526 2533 627 2621 Quod
645 2548 824 2625 utrumque
840 2546 911 2601 erat
927 2509 967 2600 iis
982 2530 1133 2600 salutare.
1152 2531 1238 2620 Nam
1257 2558 1363 2626 neque

320 2651 524 2748 indulgendo
544 2655 779 2724 inveterascere
797 2677 913 2722 eornm
933 2677 976 2720 aes
1000 2650 1144 2720 alienum
1163 2653 1363 2746 patiebatur,

257 2769 259 2772 ’
319 2797 426 2865 neque
441 2772 699 2867 multiplicandis
715 2774 824 2842 usuris
844 2797 1001 2875 crescere⁸¹
1016 2774 1119 2842 Auxit
1135 2772 1199 2841 hoc
1216 2751 1362 2842 officium

320 2875 382 2959 alia
401 2917 534 2986 quoque
550 2891 753 2961 liberalitate.
775 2895 860 2963 Nam
883 2894 1054 2961 universos
1072 2892 1240 2962 frumento
1260 2892 1362 2962 dona·

237 2993 239 2997 ⁸
320 3013 384 3100 vit,
405 3014 450 3081 ita
468 3027 507 3081 ut
529 3012 667 3108 singulis
694 3028 818 3108 septem
840 3013 942 3086 modii
964 3014 1065 3081 tritici
1091 3011 1279 3082 darentur:
1303 3015 1361 3106 qui

318 3132 436 3201 modus
453 3158 615 3202 mensurae
633 3133 817 3202 medimnus
832 3134 972 3202 Athenis
990 3115 1186 3227 appdllatur.

366 3256 427 3322 ΠΙ.
453 3255 516 3322 Hic
535 3269 645 3324 autem
666 3255 711 3322 sic
731 3280 765 3323 se
786 3250 935 3348 gerebat,
956 3268 993 3320 ut
1015 3255 1200 3322 eommunis
1221 3254 1360 3342 infimis,

319 3398 379 3468 par
392 3363 598 3469 principibus
610 3373 786 3443 videretur.
800 3377 879 3462 Quo
892 3373 1091 3476 factumest,
1107 3387 1145 3440 ut
1156 3373 1235 3442 huic
1248 3399 1360 3443 omnes

318 3493 475 3582 honores,
495 3519 578 3588 quos
596 3509 747 3589 possent,
768 3492 899 3588 publice
917 3494 1092 3580 haberent,
1120 3494 1289 3587 civemque
1311 3494 1359 3562 fa·

318 3637 391 3680 cere
410 3613 589 3682 studerent.
610 3617 689 3702 Quo
708 3613 867 3682 beneficio
886 3612 939 3682 ille
959 3615 1008 3682 uti
1027 3612 1149 3702 noluit,
1168 3614 1260 3706 quod
1279 3639 1361 3692 non-

274 3807 279 3822 ,
317 3731 400 3801 nulli
418 3735 464 3802 ita
481 3735 757 3829 interpretantur,
778 3734 883 3801 amitti
906 3735 1071 3802 civitatem
1092 3757 1278 3820 romanam,
1298 3730 1359 3801 alia

317 3852 450 3921 adscita.
469 3851 638 3942 Quamdiu
661 3854 774 3942 alluit,
796 3879 838 3922 ne
858 3879 924 3948 qua
948 3855 1009 3923 sibi
1032 3841 1141 3923 statua
1162 3870 1359 3949 poneretur,

318 3974 437 4042 restitit
456 4000 463 4040 ε
484 3974 600 4043 absens
613 3975 788 4068 prohibere
805 4000 872 4043 non
889 3977 1007 4069 potuit.
1023 3978 1140 4068 Itaque
1157 3973 1284 4067 aliquot
1298 3974 1359 4067 ipsi

319 4107 350 4159 et
364 4091 453 4161 Piliae
468 4092 548 4161 locis
561 4095 771 4163 sanctissimis
787 4111 981 4189 posuerunt,
996 4099 1094 4163 Hunc
1108 4097 1196 4164 enim
1217 4096 1250 4163 in
1270 4098 1359 4163 omni
