3114 5032
351 266 405 322 188
614 266 774 322 JOANNIS
794 267 908 323 HENR.
932 266 1122 323 SCHLEGEL

347 393 425 448 istius
441 391 570 448 ruditatis
589 391 620 445 in
641 392 766 448 medium
785 386 921 466 prolerre.
939 395 1034 462 Quum
1051 391 1188 461 Romani,
1208 391 1406 447 decemvirali

346 495 486 560 potestate
498 485 637 555 instituta,
649 485 954 555 Graecorum,maxime
970 483 1199 552 Atheniensium,
1213 483 1290 555 leges
1308 500 1406 538 suum

347 578 378 632 in
391 597 471 632 usum
480 588 645 633 convertere
658 578 778 646 vellent,
791 596 861 651 opus
874 577 1017 632 habebant
1026 577 1179 649 interprete
1189 575 1404 645 Hermodoro,

346 674 443 727 Graeco
461 672 563 726 exsule.
580 672 774 725 Romanorum
787 671 897 744 legatus·
906 663 1096 737 Posthumius,
1111 685 1196 740 quum
1213 666 1302 722 verba
1316 666 1405 723 faee-

346 773 389 818 ret
409 763 446 818 ad
460 762 630 818 Tarentinos
645 762 740 836 lingua
755 780 859 836 greca,
876 762 910 816 iis
926 773 985 817 erat
1002 760 1115 816 derisui.
1138 759 1196 816 Sed
1211 759 1270 832 jam
1288 778 1403 832 coepe-

345 866 409 909 rant
422 873 481 910 esse
496 854 688 928 frequentiora
704 854 871 909 commercia
889 865 916 908 et
934 853 1041 908 foedera
1060 852 1135 906 inter
1151 861 1299 924 utramque
1317 869 1402 924 gen-

346 956 420 1013 tem,
447 948 534 1020 paulo
559 957 623 1001 ante
645 948 751 1002 bellurn
774 944 907 1020 punicum
932 945 1062 1018 primum.
1089 944 1220 1000 Secundo
1250 962 1401 1017 prospere

345 1037 444 1108 finito,
466 1057 579 1112 sperare
603 1038 768 1113 inceperunt
788 1037 924 1107 Romani,
942 1057 971 1093 se
994 1036 1147 1110 aliquando
1165 1038 1290 1106 Graecos,
1312 1055 1401 1109 prae-

252 1173 254 1178 ,
346 1141 424 1187 tensa
441 1132 533 1205 specie
549 1131 701 1202 libertatis,
719 1131 750 1184 in
768 1140 937 1204 potestatem
955 1148 1033 1200 suam
1051 1147 1110 1184 esse
1128 1127 1300 1182 redacturos.
1318 1129 1401 1184 Inde

347 1223 469 1278 accrevit
482 1224 586 1277 sensim
605 1223 680 1295 apud
694 1241 742 1277 eos
755 1212 894 1296 cupiditas
908 1221 1021 1276 Graeciae
1035 1219 1152 1275 interius
1169 1219 1399 1293 cognoscendae,

346 1314 552 1370 accendebatur
566 1315 650 1369 etiam
663 1331 818 1387 graecorum
834 1324 977 1368 oratorum
992 1312 1127 1385 exemplis
1144 1311 1313 1384 eloquentiae
1333 1306 1399 1367 stu-

346 1407 441 1476 dium,
468 1406 535 1461 utile
559 1407 689 1480 inprimis
712 1406 787 1479 apud
804 1409 949 1462 Romanos
966 1405 997 1458 in
1015 1423 1047 1459 re
1069 1404 1186 1478 publica
1207 1403 1395 1475 capessenda.

347 1499 420 1552 Tum
437 1499 522 1566 Cato,
544 1499 669 1572 quamvis
688 1500 801 1566 senior,
827 1498 980 1572 arripiebat
998 1497 1121 1552 studium
1140 1496 1295 1550 litterarum
1301 1516 1311 1566 ;
1329 1507 1396 1551 trun

347 1605 442 1661 graecae
459 1589 576 1660 fabulae,
600 1610 616 1645 a
642 1603 684 1646 tot
702 1593 794 1665 poetis
812 1591 926 1647 comicis
944 1609 1020 1663 aeque
1039 1608 1071 1644 ac
1088 1589 1201 1662 tragicis
1222 1589 1253 1643 in
1270 1589 1395 1645 latinum

347 1698 508 1736 sermonem
526 1685 678 1754 translatae,
697 1685 847 1757 placebant
861 1671 978 1758 populo.
998 1683 1127 1737 Tandem
1144 1682 1313 1754 Carthagine
1334 1683 1394 1739 de-

348 1781 451 1827 structa
471 1784 499 1828 et
518 1774 620 1830 eodem
639 1795 714 1831 anno
734 1777 873 1832 Corintho
892 1777 1001 1844 deleta,
1026 1793 1112 1848 quum
1130 1774 1253 1829 Romani
1278 1786 1393 1848 captam

347 1873 477 1919 tenerent
503 1867 650 1938 Graeciam,
671 1887 756 1942 quum
781 1887 879 1925 eorum
902 1869 1000 1941 spoliis
1023 1868 1095 1923 aedes
1116 1887 1178 1923 suas
1201 1881 1391 1940 exornarent,

347 1967 426 2012 aucta
449 1970 490 2014 est
510 1960 542 2014 in
560 1961 728 2017 immensum
751 1979 903 2034 graecarum
922 1971 979 2015 tam
1004 1961 1104 2015 artium
1127 1968 1211 2032 quam
1232 1960 1389 2016 litterariam

347 2159 477 2197 romanas
502 2161 591 2217 graeco
617 2163 746 2200 sermone
770 2146 801 2199 in
820 2145 967 2200 historiam
990 2144 1189 2214 conferebant,
1214 2155 1244 2198 ut
1263 2145 1303 2198 ait
1324 2148 1391 2201 Jus-

347 2235 421 2289 tinus
444 2236 475 2289 in
493 2237 657 2310 praefatione
677 2237 713 2292 ad
732 2257 812 2292 suum
831 2257 847 2293 e
867 2237 956 2310 Trogi
972 2236 1099 2311 Pompeii
1117 2223 1207 2310 opere'
1226 2248 1391 2312 excerptum

346 2328 458 2383 librum.
473 2330 574 2384 Latina
593 2329 689 2404 lingua
703 2331 804 2385 eodem
822 2341 950 2404 tempore
969 2329 1132 2384 incredibili
1149 2329 1243 2384 studio
1261 2330 1391 2403 locuple-

345 2430 404 2474 tata
423 2430 451 2475 et
470 2421 594 2493 expolita
612 2422 643 2477 in
666 2433 775 2476 tantmn
792 2432 910 2496 repente
928 2432 1023 2477 evecta
1046 2431 1087 2476 est
1106 2421 1260 2495 fastigium,
1278 2433 1310 2478 ut
1328 2441 1391 2478 non

346 2513 471 2567 aemulari
491 2515 581 2569 modo
604 2517 716 2570 Graecos
722 2555 730 2584 ‚
749 2515 800 2570 sed
824 2525 852 2570 et
872 2532 1002 2587 superare
1022 2515 1128 2569 vellent
1146 2513 1278 2568 Romani.
1299 2516 1392 2570 Graeci

345 2607 524 2682 philosophi,
549 2607 692 2677 rhetores,
713 2606 833 2663 artifices
850 2611 972 2663 Romam
991 2606 1195 2675 convolabant,
1213 2605 1328 2679 praemia
1347 2607 1392 2682 ibi

345 2699 454 2771 ingenii
471 2710 499 2754 et
516 2701 646 2755 laborum
666 2699 829 2772 expetituri,
849 2719 909 2774 quae
929 2699 1035 2773 patria,
1054 2697 1086 2752 in
1103 2698 1267 2753 servitutem
1284 2698 1391 2772 quippe

344 2789 471 2858 redacta,
490 2791 538 2845 vix
556 2791 739 2846 concedebat.
761 2793 866 2846 Contra
886 2810 919 2846 ea
938 2791 1061 2846 Romani
1079 2790 1235 2846 nobiliores
1254 2792 1392 2867 Graeciam

345 2882 494 2954 petebant,
513 2883 592 2937 utin
611 2884 713 2939 scholis
736 2883 794 2956 ejus
814 2882 1032 2953 celebrioribus,
1049 2903 1110 2957 quae
1122 2884 1259 2954 Athenis,
1272 2885 1391 2957 Ephesi,

344 2975 443 3032 Rhodi
470 2976 666 3046 habebantur,
694 2977 862 3033 eruditiores
886 2977 1072 3032 redderentur
1100 2977 1157 3031 vel‘
1172 2969 1389 3050 eloquentiores.

344 3068 484 3124 Obstabat
509 3079 604 3124 tamen
630 3052 745 3124 arctiori
768 3071 911 3142 utriusque
937 3068 1038 3143 populi
1059 3069 1253 3140 conjunctioni
1277 3090 1391 3128 morum

343 3160 508 3230 diversitas,
529 3172 557 3216 et
576 3179 648 3235 aegre
667 3162 828 3217 tolerabant
845 3161 948 3231 Graeci,
966 3181 1018 3216 nec
1037 3161 1092 3216 nisi
1110 3163 1268 3218 necessitati
1287 3163 1391 3218 ceden-

342 3264 397 3324 tes,
406 3257 604 3310 Romanorum
617 3255 786 3328 superbiam.
796 3248 920 3333 Romani
930 3234 1016 3328 vulgo
1030 3255 1250 3310 contemnebant
1263 3258 1389 3326 Graecos,

342 3367 403 3402 non
422 3350 514 3403 solum
532 3359 563 3403 ut
580 3370 597 3402 a
614 3368 644 3403 se
661 3349 768 3417 victos,
786 3348 836 3403 sed
856 3346 939 3402 etiam
958 3348 1036 3402 nulla
1056 3357 1116 3402 tum
1135 3347 1269 3420 temporis
1288 3367 1388 3404 armo-

342 3457 405 3494 rum
426 3440 517 3514 gloria
537 3440 726 3514 splendentes.

381 3535 543 3588 Monstrare
568 3533 659 3588 voluit
678 3535 839 3603 Cornelius,
857 3533 940 3588 fuisse
960 3533 1030 3588 olim
1057 3532 1141 3588 duces
1161 3532 1236 3589 inter
1259 3535 1388 3604 Graecos,

341 3626 445 3702 partim
463 3625 567 3680 virtute
587 3624 730 3680 et'amore
745 3621 855 3698 patriae,
870 3626 974 3700 partim
993 3625 1076 3680 etiam
1096 3625 1246 3698 prudentia
1260 3626 1387 3695 militari,

343 3718 532 3775 celeberrimis
561 3717 636 3772 inter
665 3719 810 3773 Romanos
837 3717 1059 3792 aequiparandos.
1079 3718 1197 3773 Librum
1221 3719 1386 3792 conscripsit

342 3831 402 3866 non
421 3801 526 3866 tamin
545 3810 736 3881 nobiliorum,
757 3808 909 3884 eorumque
928 3829 1097 3884 paucorum,
1115 3813 1247 3885 gratiam,
1265 3812 1314 3885 qui
1329 3807 1390 3886 ipsi

342 3902 417 3957 iuter
431 3907 543 3959 Graecos
553 3904 698 3974 vixerant,
712 3908 760 3977 qui
774 3904 896 3977 optimos
911 3922 1008 3959 eorum
1019 3904 1169 3977 scriptores
1179 3906 1343 3960 lectitabant
1356 3915 1386 3960 et
