3210 5036
616 501 825 556 acssuaus,
1198 498 1235 576 93

210 636 280 691 tum
303 622 439 718 reliquit
456 649 464 694 ε
483 649 627 720 namque
654 625 719 714 illi,
745 641 844 694 aucto
874 649 1012 696 numero
1035 650 1150 697 eorum
1178 628 1236 722 qui

165 764 169 773 ’
208 760 358 839 expertes
374 760 468 815 erant
482 746 623 835 consilii,
639 771 848 816 commovere
861 772 895 816 se
913 772 980 816 non
994 763 1072 816 sunt
1084 750 1168 837 ausi,
1183 772 1238 820 eo-

208 886 271 955 que
287 862 462 951 libentius,
477 864 567 958 quod
583 863 685 934 latere
698 864 945 934 arbitrabantur
957 889 1030 958 quoe
1042 868 1237 960 cogitarant.

254 985 330 1052 VII.
346 984 424 1051 Sine
438 981 539 1053 dubio
555 999 631 1078 post
645 986 855 1054 Leuctricam
870 1009 1017 1080 pugnam
1032 983 1238 1056 Laoedaemo-

208 1101 255 1170 nii
276 1126 310 1174 se
329 1127 500 1196 nunquam
520 1103 705 1174 refecerunt
710 1155 722 1192 ,
743 1129 849 1198 neque
865 1105 1040 1199 pristinum
1061 1105 1250 1198 imperium·

207 1238 467 1316 recuperarunt:
483 1249 586 1317 quum
599 1226 731 1294 interim
743 1223 912 1322 Agesilaus
927 1251 994 1295 non
1014 1226 1153 1314 destitit,
1166 1227 1238 1319 qui·

185 1319 415 1434 'buscumque
434 1343 534 1412 rebus
557 1358 684 1435 posset,
710 1343 851 1436 patriam
869 1343 996 1436 juvare.
1020 1346 1107 1415 Nam
1133 1369 1238 1436 quum

208 1460 371 1554 praecipue
386 1459 626 1530 Lacedaemonii
643 1461 829 1556 indigerent
844 1463 1001 1555 pecunia,
1017 1459 1071 1532 ille
1084 1463 1237 1532 omnibus

209 1579 268 1670 qui
292 1603 311 1646 a
337 1603 415 1674 rege
441 1579 626 1650 defecerant
654 1579 804 1674 praesidio
824 1579 906 1663 suit3
933 1581 1093 1674 aquibus
1118 1604 1238 1674 magna

209 1697 352 1767 donatus
365 1699 520 1792 pecunia,
533 1699 675 1792 patriam
690 1695 883 1768 sublevavit.
900 1701 1009 1792 Atque
1022 1702 1056 1767 in
1075 1700 1138 1769 hoc
1153 1698 1240 1768 illud

170 1861 177 1876 ·
209 1815 243 1883 in
262 1817 377 1908 primis
396 1817 460 1885 fuit
477 1801 669 1886 admirabile
689 1842 698 1884 ε
718 1842 822 1910 quum
847 1819 989 1886 maxima
1011 1841 1149 1886 munera
1168 1819 1198 1886 ei
1219 1843 1239 1886 a

209 1935 358 2028 regibus,
380 1949 415 2003 et
434 1934 594 2029 dynastis,
617 1936 869 2028 civitatibusque
888 1935 1134 2023 conferrentur,
1155 1935 1238 2004 nihil

210 2076 356 2145 unquam
377 2055 412 2122 in
434 2054 569 2124 domum
584 2079 676 2124 suam
693 2053 851 2139 contulit,
869 2053 951 2122 nibil
971 2054 1012 2122 de
1030 2055 1136 2142 victu,
1155 2053 1239 2123 nihil

211 2168 252 2238 de
267 2173 388 2240 vestitu
407 2175 579 2242 Laconum
597 2173 748 2241 mutavit.
766 2176 876 2242 Domo
891 2171 1006 2240 eadem
1020 2172 1083 2241 fuit
1102 2185 1239 2241 conten·

209 2304 263 2358 tus
279 2316 344 2383 qua
360 2293 597 2386 Eurysthenes,
612 2291 805 2385 progenitor
820 2291 983 2384 majorum
999 2313 1149 2376 suorum,
1168 2289 1239 2359 fue·

209 2423 260 2478 rat
280 2434 383 2495 usus:
406 2435 505 2506 quam
524 2412 582 2504 qui
605 2412 763 2495 intrarat,
780 2408 910 2478 nullum
926 2411 1058 2503 siguum
1077 2407 1238 2495 libidinis,

210 2527 338 2598 nullum
358 2529 494 2601 luxuriae
508 2531 618 2601 videre
639 2545 790 2624 poterat;
811 2543 927 2598 contra
945 2553 1001 2616 ea,
1023 2527 1166 2623 plurima
1181 2552 1239 2620 pa·

210 2649 332 2718 tientiae
346 2665 446 2744 atque
467 2651 681 2720 abstinentiae.
697 2651 751 2718 Sic
770 2663 842 2744 erat
855 2649 1031 2734 instructa,
1047 2662 1084 2715 ut
1099 2644 1191 2714 nulla
1204 2647 1251 2716 in'

210 2791 251 2842 re.
261 2767 412 2838 differret
426 2795 445 2837 a
461 2771 604 2864 cujusvis
624 2769 732 2862 inopis
747 2783 846 2861 atque
865 2767 994 2860 privati.

257 2889 349 2956 VIII.
368 2875 477 2982 Atque
494 2889 549 2957 hic
563 2865 678 2957 tantus
692 2888 760 2975 vir,
775 2901 813 2954 ut
830 2899 982 2954 naturam
997 2884 1169 2953 fautricem
1183 2885 1240 2952 ha-

208 3006 324 3074 buerat
338 3007 372 3076 in
392 3007 575 3076 tribuendis
588 3007 690 3076 auimi
704 3006 899 3091 virtutibus,
911 3005 957 3072 sic
968 3002 1151 3071 maleficam
1161 3027 1241 3072 nac-

210 3139 264 3193 tus
277 3141 328 3194 est
344 3127 377 3194 iu
399 3151 538 3219 corpore
555 3125 719 3219 fingendo.
738 3126 824 3193 Nam
841 3138 875 3192 et
891 3137 1016 3192 statura
1029 3122 1093 3190 fuit
1105 3119 1240 3208 humili,

210 3258 244 3311 ct
258 3268 396 3337 corpore
409 3246 544 3339 exiguo,
556 3259 588 3313 ct
600 3243 736 3312 claudus
748 3241 852 3310 altero
869 3241 962 3335 pede.
980 3242 1064 3328 Quae
1076 3265 1129 3309 res
1142 3241 1240 3308 etiam

211 3361 405 3431 nonnullam
418 3363 576 3432 afferebat
592 3363 844 3431 deformitatem.
862 3365 972 3453 Atque
986 3359 1107 3454 ignoti,
1124 3358 1240 3426 faciem
1290 3403 1301 3428 -,

211 3481 280 3572 ejus
301 3506 403 3574 quum
426 3483 650 3570 intuerentur,
670 3480 941 3564 contemnebant;
965 3480 1022 3570 qui
1046 3492 1157 3546 autem
1178 3479 1242 3544 vir·

212 3614 298 3668 tutes
311 3615 488 3689 noverant,
503 3625 571 3670 nou
588 3611 740 3693 poterant
755 3598 911 3667 admirari
924 3599 1012 3666 satis.
1025 3595 1127 3685 Quod
1138 3597 1169 3666 ei
1181 3621 1241 3666 usu

211 3719 315 3807 venit,
326 3744 428 3811 quum
440 3743 603 3788 annorum
617 3719 785 3812 octoginta
795 3714 941 3786 subsidio
949 3716 1061 3784 Tacho
1076 3716 1112 3783 iu
1122 3717 1244 3809 AEgyp·

212 3851 282 3905 tum
306 3840 399 3925 isset,
425 3852 458 3906 et
482 3838 517 3905 in
541 3853 613 3906 acta
645 3860 720 3904 cum
748 3837 816 3904 suis
836 3835 1058 3921 accubuisset,
1079 3819 1150 3900 sinc
1174 3831 1242 3901 ullo

212 3971 321 4039 tect03
337 3971 543 4050 stratumque
557 3957 694 4024 haberet
710 3954 774 4023 tale
792 3971 830 4023 ut
846 3968 933 4023 terra
950 3967 1037 4022 tecta
1057 3966 1142 4020 esset
1161 3964 1243 4020 stra-

213 4078 345 4162 mentis,
362 4101 470 4169 neque
482 4077 548 4144 huc
561 4074 703 4168 amplius
716 4100 816 4167 quam
832 4072 926 4168 pellis
937 4086 1021 4140 esset
1035 4071 1176 4164 injecta,
1191 4094 1244 4138 eo-
