3114 5032
366 421 420 478 ¹9²
630 387 788 446 JOANNIS
809 383 922 440 ntus.
944 377 1136 436 SCELEGEL

401 529 487 584 Plane
505 523 631 579 diversus
650 518 724 574 liber
743 524 784 570 est
803 511 902 568 avitis
921 510 1118 582 imperatorum
1136 499 1195 558 vita
1215 499 1329 569 Attici,
1350 502 1421 558 lieet

366 624 403 680 ab
418 619 519 677 eodem
531 624 645 670 auctore
659 606 825 680 conscripta.
841 603 944 660 Merito
958 601 1085 658 laudatur
1095 599 1154 654 haec
1167 599 1204 654 ab
1218 595 1367 652 omnibns
1381 597 1422 650 ob

366 711 571 788 ingenuitatem
594 716 623 762 et
644 704 683 760 ob
706 711 796 756 artem
817 697 998 770 singularem,
1023 712 1080 766 qua
1100 691 1225 748 bominis
1246 692 1416 765 privati,a

367 793 484 880 strepitu
502 817 645 858 armorum
661 806 689 853 et
710 795 747 850 ab
767 791 923 850 honoribus
946 787 1045 857 alieni,
1066 785 1182 840 virtutes
1205 793 1424 856 exponuntnr;

368 909 411 955 est
427 907 521 952 tamen
542 907 746 963 nonnunquam
766 883 913 942 obscurior
934 881 974 937 ob
995 873 1197 952 negligentiam
1217 875 1250 929 in
1276 886 1424 950 tempore

370 988 506 1048 notando.
519 982 669 1044 scribendi
684 980 757 1037 ratio
770 967 909 1034 mons'trat
924 983 1066 1030 auctorem
1074 988 1180 1025 summa
1188 967 1379 1023 humanitate
1395 977 1427 1022 et

370 1078 521 1158 prudentia
534 1075 697 1152 praeditum,
712 1069 886 1141 amiemnque
904 1047 1080 1122 constantem
1095 1072 1123 1118 et
1139 1058 1304 1116 amabilem.

510 1289 569 1356 III.
596 1283 847 1354 Observationes
865 1278 987 1347 criticoe
1004 1289 1035 1343 et
1047 1273 1269 1366 phiblogr'coe.

414 1515 578 1594 speciminis
594 1516 658 1570 loco
671 1511 747 1567 dabo
765 1506 974 1567 observationes
991 1503 1125 1578 quasdam
1139 1502 1266 1570 criticas,
1278 1501 1429 1576 antiqua-

376 1613 443 1680 rias,
461 1607 621 1674 historicas,
641 1623 671 1660 ea
688 1612 796 1656 tantum
811 1599 948 1672 deligens,
965 1616 1025 1670 quse
1043 1596 1112 1650 scitu
1126 1594 1249 1666 jucunda
1268 1604 1297 1648 et
1317 1595 1427 1662 utilia,

378 1723 438 1780 quae
453 1698 580 1757 ulteriori
599 1692 789 1768 disquisitioni
802 1702 866 1764 apta
884 1689 1024 1746 videntur.
1038 1687 1068 1743 Si
1085 1686 1158 1742 enim
1172 1684 1281 1753 omnia,
1300 1704 1369 1758 quae
1382 1687 1425 1740 ad

377 1798 436 1851 brec
457 1793 549 1866 capita
569 1788 667 1845 referri
690 1793 821 1861 possunt,
843 1781 1002 1838 examinare
1024 1779 1213 1846 instituerem,
1233 1795 1296 1832 non
1324 1796 1423 1835 essem

379 1875 615 1960 dissertationem,
628 1890 678 1947 sed
687 1889 791 1960 justum
806 1885 939 1941 volumen
954 1881 1135 1937 exhibiturus.

373 2005 375 2012 ’
418 1990 441 2043 Ι.
464 1991 575 2041 Attente
584 1985 707 2056 legentes
720 1977 895 2042 Cornelium,
909 1979 1025 2031 lacunas
1037 1973 1068 2027 in
1081 1990 1120 2027 eo
1125 1971 1319 2027 observabunt
1333 1971 1424 2040 duas,

380 2081 445 2138 licet
462 2097 515 2135 nec
530 2077 561 2132 in
578 2073 721 2131 codicibus
739 2090 791 2126 nec
804 2070 834 2126 in
844 2067 979 2146 editione
991 2064 1134 2139 principe,
1150 2073 1178 2120 et
1191 2063 1236 2133 iis,
1264 2083 1327 2137 quae
1346 2067 1423 2121 sub-

381 2184 479 2230 secutae
499 2179 575 2238 sunt,
596 2168 684 2222 ullum
703 2173 816 2220 notetur
835 2179 929 2217 earum
947 2159 1104 2232 vestigium.
1126 2157 1232 2226 Prima,
1252 2175 1338 2230 quam
1361 2158 1424 2230 jam

383 2261 543 2322 observavit
562 2258 728 2326 Lambinus,
751 2265 792 2310 est
811 2254 841 2310 in
861 2253 918 2308 vita
935 2251 1090 2323 Lysandri,
1113 2249 1165 2304 sub
1182 2245 1269 2304 finem
1288 2267 1353 2322 cap.
1378 2270 1424 2319 11;

383 2359 483 2423 altera,
503 2373 562 2427 quae
579 2349 711 2407 Lambini
723 2347 811 2402 aciem
827 2345 939 2419 etegit,
952 2354 980 2399 et
997 2344 1033 2398 ab
1049 2344 1175 2414 Augusto
1193 2341 1342 2396 Bucbnero
1359 2342 1425 2415 pri-

374 2459 460 2504 'mum
472 2455 568 2502 notata
586 2453 641 2510 est,
654 2442 685 2498 in
700 2440 758 2494 vita
771 2439 918 2505 Eumenis,
933 2455 994 2510 cap.
1009 2454 1053 2490 xr.
1070 2435 1194 2507 Uterque
1211 2434 1289 2487 locus
1307 2435 1424 2508 punctis

385 2560 433 2596 seu
449 2535 583 2595 asteriscis
601 2533 739 2589 indicatur
753 2551 769 2586 a
784 2529 1000 2600 recentioribus,
1014 2546 1084 2601 quos
1098 2526 1183 2595 novi,
1199 2524 1351 2600 plerisque.
1364 2527 1424 2580 Vix

384 2639 577 2706 argumentum
595 2625 684 2697 majus
704 2641 761 2679 esse
778 2632 885 2697 potest,
904 2621 1019 2695 periisse
1039 2638 1136 2674 omnes
1153 2619 1222 2674 oiim
1239 2617 1276 2672 ab
1294 2617 1425 2690 antiqni-

385 2733 440 2777 tate
453 2720 564 2776 relictos
577 2717 686 2772 codices
694 2714 775 2786 hujus
789 2714 869 2784 libri,
882 2723 983 2788 praeter
994 2713 1074 2767 iilum
1084 2729 1185 2781 unum,
1194 2727 1278 2784 quem
1290 2708 1424 2764 AEmiiius

317 2841 324 2853 ν
385 2813 493 2868 Probus
509 2810 692 2881 exscripserat
707 2806 868 2861 Theodosio
885 2804 1088 2874 exhibendum;
1106 2814 1134 2859 et
1150 2822 1186 2859 ex
1203 2804 1265 2858 solo
1281 2803 1339 2857 hoe
1353 2821 1424 2874 apo-

387 2903 508 2975 grapho,
522 2900 569 2973 qui
586 2909 612 2953 et
626 2898 684 2969 ipse
702 2897 809 2952 dudum
827 2896 943 2970 periisse
961 2895 1084 2964 videtur,
1102 2905 1234 2967 tanquam
1252 2893 1423 2967 archetypo,

328 3000 330 3006 '
388 2991 525 3049 effluxisse
538 2990 640 3046 sensim
654 3007 766 3057 omnes,
784 2988 832 3062 qui
845 2987 935 3043 adhuc
949 3005 1000 3060 per
1012 2988 1154 3059 Europam
1169 2985 1356 3059 reperiuntur,
1369 3003 1421 3040 co-

389 3085 464 3141 dices
479 3101 564 3138 manu
584 3090 720 3136 exaratos.

429 3179 523 3232 Enatae
541 3183 605 3228 sunt
623 3171 913 3240 lacunae„breviores,
927 3169 1016 3242 qualis
1034 3168 1083 3224 illa
1099 3168 1130 3223 in
1149 3170 1273 3224 Eumene
1290 3167 1422 3224 habenda

390 3279 442 3338 est,
455 3287 490 3324 ex
504 3264 648 3320 oscitantia
660 3263 783 3332 librarii3
792 3263 948 3334 longiores,
962 3260 1051 3334 qualis
1060 3278 1092 3316 ea
1105 3260 1135 3314 in
1147 3260 1292 3335 Lysandro
1305 3257 1315 3335 (
1320 3260 1423 3314 omissa

390 3372 431 3416 cst
450 3358 524 3415 enim
542 3367 602 3411 tota
613 3373 679 3423 res,
699 3373 783 3427 quam
800 3348 896 3427 Nepos
913 3363 1075 3407 narraturus
1092 3349 1181 3428 erat),
1201 3370 1248 3407 seu
1269 3370 1303 3407 ex
1325 3351 1423 3407 eadem

390 3450 551 3516 oscitantia,
569 3467 631 3514 seu,
648 3446 732 3502 etiam
752 3445 829 3518 quod
846 3445 944 3517 saepius
961 3444 1075 3512 accidit,
1092 3443 1196 3498 codicis
1213 3443 1339 3517 primarii
1358 3461 1423 3497 mu-

390 3541 527 3598 tilatione.
543 3538 627 3594 Pauci
642 3537 716 3593 inter
729 3537 821 3592 bonos
838 3554 948 3618 quoque
965 3534 1075 3591 codices
1094 3534 1271 3608 reperiuntur
1285 3533 1295 3580 l
1299 3535 1330 3590 id
1348 3535 1423 3590 enim

392 3632 468 3688 casui
480 3642 507 3686 et
521 3631 648 3684 humanae
664 3627 808 3702 fragilitati
822 3626 960 3703 dandum)
982 3627 1042 3682 sine
1055 3626 1149 3700 aliquo
1164 3626 1281 3682 defectu.
1298 3627 1330 3682 Si
1344 3645 1359 3682 e
1376 3626 1421 3682 di-

391 3722 477 3779 versis
491 3730 654 3777 emanarunt
666 3719 802 3785 fontibus,
816 3715 960 3773 exhibebit
971 3719 1051 3774 facile
1065 3737 1148 3786 unus,
1162 3718 1238 3792 quod
1252 3717 1424 3774 desideratur

392 3816 422 3870 in
438 3814 507 3869 aliis.
527 3813 573 3868 Sic
588 3810 725 3865 nonnulla
738 3809 840 3882 scripta
856 3822 995 3881 veterum,
1014 3829 1073 3883 quae
1094 3829 1194 3866 manca
1212 3820 1292 3865 erant
1312 3811 1342 3864 in
1361 3809 1424 3864 edi-

392 3909 469 3964 tione
483 3907 587 3984 prima‚
599 3922 676 3958 novo
692 3902 803 3970 codice,
816 3905 861 3958 vel
875 3892 958 3959 etiam
971 3903 1086 3977 singulis
1099 3915 1208 3959 tantum
1223 3902 1297 3958 sotiis
1310 3914 1338 3957 et
1350 3902 1426 3975 frag-

393 3999 492 4054 mentis
507 3996 637 4070 repertis,
651 3995 769 4051 feliciter
785 3997 911 4069 suppleta
928 3996 1037 4050 seimus.
1056 3995 1107 4052 Sin
1125 4014 1193 4052 vero
1207 3995 1311 4052 eaedem
1323 3995 1426 4050 lacunae
