3198 5174
310 445 330 520 ij
494 507 497 514 ,
658 445 833 500 coruum
853 445 1010 500 umoris

210 619 212 626 ι
312 571 445 640 siodoro
462 584 495 639 et
514 569 684 640 Antonino
706 571 739 670 in
758 570 931 638 Itinerario
948 581 1168 655 memoratus,
1186 566 1348 661 hodieque
1381 631 1384 634 .

313 703 536 776 ecclesiasticae
547 704 789 772 Veronensium
804 701 1024 795 jurisdictioni
1043 701 1203 772 subditus.

359 837 545 904 Historicus
563 835 617 902 hic
635 832 773 920 Catulli,
794 836 851 926 qui
873 835 903 903 ei
923 835 1069 904 carmina
1087 858 1146 902 sua
1165 835 1349 930 inscripsit,

314 970 394 1038 civis
407 982 440 1036 et
453 968 593 1052 amicus,
607 966 731 1034 amicus
743 966 842 1032 etiam
855 967 1023 1036 Ciceronis
1039 990 1059 1034 a
1073 964 1181 1034 Gellio
1195 981 1348 1054 vocatur,

314 1099 370 1169 lib.
384 1123 443 1187 xv,
461 1124 532 1193 cap.
550 1098 613 1186 28,
633 1112 667 1164 et
683 1100 719 1165 T.
735 1097 910 1190 Pomponii
924 1075 1042 1183 Attici,
1060 1096 1154 1188 cujus
1174 1097 1271 1166 rebus
1292 1095 1351 1167 do·

314 1232 456 1300 mesticis
475 1254 560 1323 saepe
579 1243 716 1323 propter
736 1227 987 1296 familiaritatem
1006 1227 1192 1296 interfuisse
1212 1241 1362 1314 testatur,

314 1365 349 1433 in
367 1365 438 1456 ejus
458 1363 544 1446 vita,
563 1386 633 1455 cap.
662 1359 713 1430 13.
735 1361 900 1450 Chronica
920 1360 1085 1453 scripsisse
1097 1361 1186 1429 testis
1199 1375 1249 1429 est
1264 1360 1348 1428 idem

314 1495 463 1582 Gellius,
477 1493 533 1561 lib.
548 1516 663 1581 xxvn,
681 1518 753 1587 cap.
767 1517 836 1561 xxr.
856 1495 896 1560 In
916 1493 967 1560 his
981 1516 1043 1585 pro
1054 1491 1175 1586 triplici
1188 1497 1352 1586 tempore,

317 1628 477 1714 obscuro,
492 1627 637 1720 mythico
657 1651 713 1694 seu
731 1623 880 1695 fabuloso
899 1640 932 1694 et
948 1625 1125 1713 historico,
1140 1640 1205 1694 tres
1222 1624 1354 1694 videtur

318 1759 484 1853 scripsisse
497 1757 615 1845 libros,
631 1782 668 1827 ac
688 1755 824 1851 singulis
844 1757 941 1825 unius
954 1758 1111 1851 temporis
1131 1757 1354 1826 narrationem

319 1915 389 1958 esse
406 1887 604 1984 complexus.
629 1892 715 1992 Sane
736 1904 799 1957 tres
827 1887 927 1956 libros
950 1888 1062 1957 fecisse
1082 1890 1262 1984 Nepotem,
1282 1893 1355 1984 qui-

319 2022 382 2090 bus
408 2045 506 2090 omne
528 2023 633 2089 aevum
657 2020 961 2114 comprehenderit,
981 2019 1105 2114 liquido
1131 2035 1272 2090 testatur
1293 2025 1356 2092 Ca·

321 2152 424 2222 tullus
443 2155 539 2222 initio
552 2151 915 2246 Hendecasyllaborum.
928 2156 998 2224 Nec
1015 2154 1210 2223 historicum
1228 2169 1357 2250 tempus

322 2289 363 2356 ab
390 2313 429 2356 eo
449 2285 556 2356 solum
576 2311 646 2356 esse
663 2300 861 2374 tractatum,
880 2286 1002 2355 indicio
1021 2300 1071 2354 est
1092 2286 1173 2356 illud
1190 2290 1329 2358 Ausonii
1349 2316 1356 2357 :
1411 2351 1413 2357 ,

322 2419 517 2515 «Apologos
528 2421 672 2507 Titiani,
686 2434 718 2488 et
730 2420 869 2512 Nepotis
883 2419 1066 2505 Chronica,
1079 2421 1174 2512 quasi
1186 2419 1267 2488 alios
1281 2446 1359 2515 apo-

323 2554 417 2649 logos
438 2553 541 2648 (nam
561 2554 682 2646 etipsa
701 2554 804 2621 instar
821 2550 1009 2621 fabularum
1026 2552 1147 2648 suut),
1172 2554 1215 2623 ad
1239 2553 1358 2623 nobili-

324 2701 425 2755 tatem
452 2699 545 2753 tuam
571 2685 654 2752 misi.
680 2713 696 2748 n
716 2687 799 2753 Item
823 2709 863 2753 ex
881 2709 944 2767 eo,
967 2685 1056 2778 quod
1080 2687 1303 2756 Tertullianus
1326 2690 1381 2756 in.

325 2815 540 2913 Apologetico
555 2785 711 2886 adversus
724 2833 836 2912 gentes
849 2819 924 2914 (ubi
936 2790 1011 2887 eum
1024 2821 1110 2890 inter
1124 2823 1359 2915 antiquilatum

324 2965 597 3021 commentatores
612 2950 759 3019 disertim
770 2949 921 3046 reponit)
934 2951 1030 3041 dicit,
1040 2953 1130 3022 haud
1144 2954 1234 3023 aliud
1247 2960 1360 3026 Satur·

326 3107 424 3170 num,
451 3108 551 3176 quam
576 3083 760 3172 hominem,
780 3084 1015 3180 promulgasse.
1036 3087 1138 3176 Quod
1158 3090 1257 3158 etiarn
1275 3093 1359 3158 Lac-

224 3199 226 3204 ⁵
326 3217 450 3284 tentius
469 3215 589 3305 tradit,
607 3213 664 3284 lib.
683 3241 710 3304 1,
729 3242 800 3311 cap.
826 3215 878 3286 13.
1222 3184 1225 3192 ·

350 3415 352 3422 .
377 3347 523 3442 Reliquit
539 3362 697 3443 praeterea
712 3347 814 3418 libros
831 3348 1013 3419 Illustrium
1032 3354 1205 3441 Virorum,
1219 3378 1362 3446 quorum

330 3481 457 3552 Gellius
475 3483 639 3570 meminit,
657 3480 713 3550 lib.
732 3507 784 3570 ιι,
803 3508 873 3579 cap.
896 3485 933 3570 8,
952 3499 986 3553 et
1003 3487 1134 3554 Servius
1152 3488 1187 3555 in
1205 3511 1218 3556 1
1236 3489 1362 3556 AEneid.

329 3619 455 3684 Eorum
472 3613 595 3682 librum
611 3639 643 3698 1,
660 3638 706 3682 xv
723 3630 755 3684 et
768 3641 825 3686 xvr
840 3619 920 3685 citat
932 3607 1115 3688 Charisius.
1130 3624 1181 3689 Ex
1198 3621 1249 3689 his
1267 3623 1366 3690 habe·

332 3772 406 3816 mus
432 3746 549 3842 viginti
571 3745 653 3815 duos
676 3763 860 3817 exterarum
879 3750 1026 3842 gentium
1050 3752 1272 3846 imperatores.
1294 3757 1364 3823 Cae-

331 3881 409 3947 teris
428 3877 519 3947 libris
537 3879 640 3972 egisse
657 3880 698 3949 de
711 3883 883 3968 Romanis,
904 3881 972 3950 haec
990 3885 1060 3976 ejus
1075 3885 1174 3952 verba
1188 3884 1366 3954 ostendunt

333 4014 368 4078 in
385 4026 529 4080 extrema
539 4010 710 4095 Annibalis
719 4013 788 4080 vita
803 4039 810 4079 :
831 3991 846 4076 e
857 4012 920 4081 Sed
939 4039 998 4083 nos
1015 4031 1142 4108 tempus
1153 4029 1200 4082 est
1216 4016 1318 4108 hujus
1327 4017 1366 4084 li·
