3198 5174
243 645 1263 678 mmmmm

400 903 760 1010 connnnn
796 905 1107 1056 nunonis

487 1223 635 1362 tum¹
656 1226 733 1312 nr
762 1225 1018 1318 semem

288 1529 354 1596 EX
377 1529 418 1598 G.
445 1531 473 1598 J.
502 1531 680 1602 vosslo
707 1535 762 1602 ET
786 1535 814 1600 J.
842 1535 947 1602 ΑΕΒ.
972 1536 1216 1628 FABRICIO.

635 1887 638 1894 1
675 1857 835 1878 *¹⁸-

240 2065 463 2195 Comtumus
486 2127 614 2214 Nepos,
637 2129 778 2228 scriptor
799 2127 947 2220 ingenio,
972 2125 1081 2196 studio
1103 2125 1270 2214 veritatis,

225 2258 459 2349 sermonisque
478 2279 564 2351 pura
582 2281 621 2326 ac
645 2260 813 2327 succincta
832 2257 994 2352 elegantia
1013 2257 1272 2345 laudatissimus,

236 2387 441 2480 temporibus
454 2387 532 2457 Julii
548 2391 685 2459 Caesaris
702 2405 735 2459 et
753 2393 895 2484 Augusti
912 2391 1001 2458 vixit.
1021 2389 1102 2458 Padi
1126 2403 1196 2458 erat
1218 2411 1271 2458 ac-

178 2518 180 2522 ’
238 2517 324 2606 cola,
334 2533 416 2588 teste
424 2513 547 2609 Plinio,
557 2517 613 2588 lib.
627 2543 687 2612 111,
702 2545 772 2616 cap.
793 2521 834 2592 18
847 2548 854 2590 :
869 2521 956 2590 unde
965 2512 1113 2608 Catullo,
1127 2523 1228 2614 epigr.
1243 2547 1272 2606 1,

238 2647 1273 2750 Italus3Ausonioautem,epist.xx1V,Gallusvooatur,nempe

237 2787 314 2879 quia
334 2783 431 2854 Italia
457 2787 681 2882 transpadana
701 2787 865 2856 diceretur
887 2783 996 2856 Gallia
1018 2799 1140 2878 togata.
1167 2787 1273 2854 Vero-

239 2942 371 2988 nensem
386 2919 501 3007 fuisse,
527 2921 562 2988 in
583 2919 726 2989 Leandri
746 2917 872 2989 Alberti
888 2915 986 2990 Italia
1003 2915 1075 3013 lego
1086 2919 1165 3015 ,uti
1187 2916 1273 2988 etin

237 3053 501 3148 Cosmographia
516 3057 553 3122 P.
571 3051 720 3122 Merulae.
733 3056 804 3120 Imo
823 3077 862 3120 ex
881 3051 1125 3120 Veronensium
1141 3049 1273 3119 histori-

237 3179 498 3280 corumsyllabo
516 3183 685 3280 intelligo,
703 3200 819 3254 natum
842 3183 941 3252 fuisse
954 3186 1116 3278 Nepotem
1135 3184 1169 3254 in
1187 3187 1274 3253 Hos·
1391 3261 1393 3266 ,

238 3317 307 3386 tilia
320 3331 349 3406 ¹,
365 3320 423 3412 qui
442 3320 685 3388 Veronensium
701 3319 794 3386 vicus
812 3330 878 3405 est,
898 3317 1034 3402 Tacito,
1047 3313 1173 3406 Plinio,
1194 3320 1275 3387 Cas·

278 3535 287 3558 ¹
310 3525 472 3598 Onuphrius
480 3525 642 3593 Panvinius,
651 3522 1013 3598 Veronensis,inoatalogo
1022 3523 1171 3578 illustrium
1180 3523 1274 3597 scrip·-

234 3628 330 3672 'torum
344 3606 562 3686 Veronensium,
579 3617 654 3672 libro
671 3627 752 3672 sexto
765 3617 966 3690 Antiquitatum
979 3617 1008 3668 V
1003 3633 1128 3672 ereneus.
1136 3655 1146 3683 ,
1156 3634 1185 3687 p.
1199 3614 1273 3682 145:

238 3709 494 3765 «constantissimo
508 3709 628 3765 civitatis
642 3719 744 3764 nostrae
763 3707 927 3764 testimonio
944 3706 1107 3765 Cornelium
1119 3709 1274 3782 Nepotem,

236 3801 329 3856 virum
344 3799 535 3856 doctissimum
551 3811 579 3856 et
591 3800 787 3874 antiquitatum
805 3799 931 3854 omnium
951 3801 1164 3874 peritissimum,
1180 3802 1274 3856 Vero-

237 3913 352 3950 nensem
373 3893 456 3948 fuisse
473 3893 606 3962 traditur,
623 3893 667 3948 cui
686 3893 717 3947 in
735 3911 843 3948 summa
862 3911 926 3947 oum
944 3895 1067 3963 Catullo,
1083 3892 1228 3962 Vitruvio,
1247 3903 1275 3948 et

236 3987 352 4061 reliquis
366 3983 577 4042 Veronensibus
586 3985 741 4041 illustribus
757 3983 841 4040 etiam
857 3996 947 4041 statua
955 3987 1104 4060 posita'est
1117 4005 1153 4040 ex
1161 3985 1275 4058 publiea

237 4079 409 4136 auctoritate.
421 4102 434 4128 υ
446 4081 627 4134 Parmensem
639 4089 733 4133 tamen
744 4077 828 4133 fuisse
841 4075 961 4132 affirmat
968 4119 977 4148 ,
991 4078 1086 4134 invitis
1100 4076 1206 4145 doctis,
1216 4077 1274 4132 ola-

237 4170 360 4227 rissirnus
378 4154 472 4226 eomes
486 4171 655 4236 Bezzonico,
672 4170 702 4226 in
721 4169 964 4244 Disquisitiom'bus
977 4171 1136 4238 Plinianis,
1151 4179 1219 4225 tom.
1235 4186 1274 4235 11,

237 4281 301 4337 pag.
322 4262 367 4320 58.
