3114 5032
457 517 496 572 IN
516 516 625 572 vltis
647 517 804 583 exeant.
824 518 951 574 IMPER.
1163 515 1217 572 231

185 633 284 706 laude,
307 636 398 705 Bonis
421 626 609 708 literatius
625 637 748 700 iniretis
760 637 885 718 πράξασι
899 638 1222 710 constituisse,·dcmum

184 713 302 803 Ἀγαθὸ
311 731 432 799 Δαίμονι
440 751 618 790 consecrasse
626 734 721 790 tradit.
731 736 824 804 Idem,
836 735 866 804 in
876 733 983 789 Potitia.
993 733 1142 805 Praecepit,
1149 741 1219 786 tan-

185 832 245 878 tum
267 817 455 893 tricenariae
466 825 552 881 hahet
568 821 643 898 ἱερόν.
653 829 811 884 Taseaucx.
821 822 994 894 Αὐτοματία
1005 810 1107 900 Τὺχὲι,
1120 823 1152 878 id
1164 832 1220 893 est,

183 926 357 988 spontanea,
369 921 416 974 vel
424 921 553 975 ultronea
561 921 702 988 Fortuna,
716 921 788 975 culta
797 930 855 976 erat
867 937 885 975 a
898 918 1010 988 Siculis,
1022 927 1053 973 ut
1068 917 1221 972 cannata

175 1069 177 1074 ,
189 1003 287 1064 Vernis.
294 1001 445 1068 Fatebatur
453 1011 547 1085 itaque
553 1011 703 1067 Timoleon
712 1011 844 1085 nequevi,
852 1030 943 1085 neque
950 1009 1098 1084 prudentia
1105 1027 1163 1090 sua,
1171 1006 1223 1062 sed
1270 1051 1272 1059 ,

182 1099 315 1157 Fortuna
323 1103 428 1159 auxilio
444 1103 539 1160 omnia
548 1122 577 1159 se
587 1103 735 1177 perfecisse
745 1123 752 1158 ε
763 1104 802 1160 sic
810 1105 976 1178 Napoleon,
989 1101 1060 1160 (luce
1074 1119 1124 1156 sua
1132 1100 1220 1156 stallo.

223 1193 288 1258 Car.
302 1196 338 1250 V.
354 1196 456 1251 Nauali
473 1197 521 1252 dic
539 1214 600 1251 suo.
623 1195 688 1252 Fuit
705 1205 799 1251 autem
812 1195 913 1252 natalis
928 1192 1116 1262 Timoleontis
1132 1207 1220 1248 xxm

183 1283 368 1358 thargelionis
387 1284 517 1364 (aprilis)
538 1307 546 1342 ε
566 1305 633 1346 nam
649 1305 684 1344 eo
703 1284 946 1362 Carthaginienies
964 1285 1046 1356 vicit,
1062 1295 1132 1341 teste
1152 1283 1220 1337 Plu-

183 1376 289 1432 tarcho.
303 1379 415 1434 Bosrus.
968 1440 985 1452 Η

205 1479 210 1490 ’
229 1468 488 1527 radimonnm.'1d
503 1481 554 1541 est,
568 1470 682 1545 adigere
696 1489 775 1540 eum,
787 1482 819 1526 ut
830 1470 950 1528 vadibus
964 1469 1050 1538 datis,
1059 1470 1104 1524 vel
1119 1485 1162 1536 se,
1174 1465 1218 1520 vel

184 1560 269 1616 vades
278 1561 423 1634 injudicio
436 1574 513 1621 certo
523 1563 569 1619 die
583 1563 719 1622 attauros
731 1563 916 1637 promitteret.
931 1552 1133 1632 Vadimonium
1145 1557 1219 1634 enim

183 1661 225 1706 est
240 1654 355 1726 sponsio
373 1674 425 1729 per
441 1655 527 1710 vades
539 1655 656 1713 sistendi
669 1674 699 1712 se
716 1656 753 1712 ad
768 1667 874 1724 certum
887 1654 970 1710 diem.

220 1747 256 1800 In
267 1749 426 1821 gymnasio.
441 1732 550 1820 Corpus
568 1737 627 1819 ejus
643 1747 675 1802 in
690 1748 754 1804 foro
773 1747 959 1822 sepelierunt,
976 1763 1096 1818 eumque
1111 1745 1218 1810 locum,

181 1839 360 1894 monumenti
373 1858 468 1908 causa,
483 1839 657 1914 gymnasium
670 1859 729 1897 esse
742 1841 893 1896 voluerunt
907 1837 1069 1894 exercende
1079 1833 1218 1908 juventuti

184 1929 320 1999 dicatum,
336 1927 681 1998 uomincTttcontir‘rttct.
696 1935 889 1988 Psnrancnus.
1292 1993 1299 2010 ,

220 2013 406 2079 Timoleontis
413 2023 598 2098 historinpeti
606 2035 701 2100 potest
709 2045 745 2081 ex
750 2023 914 2093 Plutarcho,
922 2019 1067 2090 Diodoro,
1077 2019 1217 2093 Polyaeuo.
1278 2097 1279 2100 Ἴ
1305 2068 1308 2072 ,

181 2113 261 2170 Adde
273 2115 454 2190 Montaigne,
472 2118 567 2173 Rollin
582 2128 609 2173 et
622 2117 813 2185 Barthelemy.

537 2303 575 2348 nt
599 2301 723 2350 RBGUM
747 2303 854 2350 vlras.

220 2468 283 2523 car.
298 2470 320 2524 I.
343 2468 440 2542 Cyna.
457 2469 563 2541 Major,
578 2469 721 2544 cambysis
733 2467 807 2526 filius
817 2511 826 2538 ,
841 2457 967 2544 Astyagis
983 2487 1090 2543 nepos,
1103 2467 1151 2542 qui
1159 2467 1217 2522 im-

180 2559 289 2631 perium
307 2560 433 2617 aMedis
453 2560 490 2616 ad
506 2564 605 2621 Persas
625 2552 780 2633 transtulit,
798 2572 826 2617 et
844 2560 1047 2637 Xenophontis
1060 2559 1218 2635 Cyropedia

180 2651 349 2712 notissimus.
794 2703 796 2713 .

218 2744 330 2799 Darium
349 2743 404 2814 Qui
421 2744 486 2818 equi
497 2743 610 2800 h'mnitu
625 2763 677 2801 rex
689 2755 797 2803 creatus
811 2755 861 2800 est.
881 2744 951 2799 Vide
967 2745 999 2800 in
1011 2743 1157 2814 Miltiade,
1167 2763 1214 2799 111.

216 2834 383 2890 Macrochir.
405 2840 430 2890 A
446 2853 543 2910 'macca
562 2856 633 2892 voce
655 2832 954 2912 nemincum-longas
971 2855 1081 2913 manus,
1093 2836 1214 2905 habens,

83 2918 86 2924 ’
179 2928 252 3004 unde
265 2928 354 2984 latino
364 2928 555 3004 longimanus
569 2929 666 2986 dictus.
686 2930 803 3008 Strabo,
815 2929 866 2984 lib.
882 2948 938 2998 xv,
955 2929 1005 2984 sub
1012 2929 1118 3002 finem,
1135 2925 1215 2984 affir-

178 3031 235 3076 mat
250 3021 289 3076 ita
302 3021 409 3077 dictum
425 3022 508 3078 fuisse
528 3022 605 3096 quod
622 3041 712 3098 genua
725 3022 759 3078 iis
774 3023 939 3096 contingere
953 3022 1075 3097 potuerit
1080 3042 1089 3093 3
1102 3022 1215 3078 Plutar-

178 3114 259 3183 chus,
277 3114 308 3168 in
323 3109 530 3189 Apophthcgmss
537 3155 547 3182 ,
562 3117 639 3189 quod
653 3117 768 3177 alteram
782 3133 897 3171 manum
909 3115 1039 3171 habuerit
1048 3114 1214 3188 longiorem.

178 3205 233 3260 Alii
240 3208 422 3261 Artaxerxem
429 3205 1216 3280 maleabAraLtclzirpersicoejusnomine,exArtaacrxe

179 3307 313 3371 corrupto
327 3298 446 3367 ducunt,
464 3308 496 3352 ut
507 3298 543 3354 sit
556 3298 740 3365 fortissimus,
757 3315 809 3353 ceu
821 3298 883 3364 leo,
894 3307 921 3352 et
939 3298 1162 3370 potentissimus;
1175 3299 1215 3354 sic

178 3399 209 3443 ut
230 3408 265 3445 ex
288 3408 347 3444 uno
359 3389 490 3458 nomine,
509 3389 566 3445 duo
579 3391 625 3446 vel
643 3400 699 3447 tres
716 3389 789 3452 forte
811 3385 946 3470 {merim
965 3389 1068 3458 Gracci,
1086 3391 1212 3457 Xerxes,

178 3484 357 3537 Artaxerxes
382 3491 410 3536 et
440 3481 616 3550 Macrochir5
637 3481 717 3555 quod
743 3479 914 3556 etymologia
936 3497 1025 3554 graeca
1056 3477 1212 3536 confirmat.

178 3575 289 3628 Xerxes
311 3571 387 3628 enim
407 3590 531 3643 nomeu,
552 3591 640 3648 graece
660 3567 778 3650 Ξέρξης,
797 3571 914 3628 oritrua
931 3590 1002 3627 voce
1021 3568 1141 3644 Xspcia,
1160 3573 1213 3628 de-
1304 3597 1318 3604 ·

176 3674 280 3720 sertum
295 3664 487 3738 incultumque
500 3664 587 3734 facio,
606 3665 705 3721 desolo
714 3685 723 3736 3
733 3675 761 3721 ct
775 3682 874 3721 revera
887 3664 998 3719 Xerxes
1013 3665 1085 3721 mari
1100 3677 1128 3721 ct
1140 3677 1214 3722 terra

176 3757 296 3828 Europes
315 3756 421 3812 bellum
430 3757 524 3812 intulit
533 3797 541 3828 ,
556 3757 627 3813 siout
645 3757 749 3828 Attila,
767 3754 909 3831 flagellum
924 3755 990 3826 Dei,
1007 3759 1214 3831 Tanyoccaraes

176 3849 221 3903 vel
241 3849 442 3915 Tancorares,
462 3839 586 3905 idemne
601 3852 733 3918 Tannus,
754 3867 807 3905 rex
825 3847 944 3922 Scythiae
958 3849 1213 3922 antiquissunus,a

159 3941 290 3998 'Tanais
305 3938 424 4012 fluvius,
437 3941 512 3997 idem
526 3961 557 3998 ac
570 3944 719 4008 Iaxartes,
738 3942 785 3997 rel
801 3938 956 4010 aTetratis,
970 3941 1002 3996 iu
1014 3943 1131 4022 longum
1146 3960 1214 4016 pro-

174 4045 282 4107 tensus,
298 4029 411 4104 ratic,
429 4035 485 4089 late
508 4035 650 4106 extendo,
675 4053 758 4090 sensu
783 4033 961 4112 cognominis
983 4033 1162 4102 Macrochir,
1187 4044 1214 4088 et

175 4129 286 4184 Xerxes
292 4149 304 4198 ς
314 4129 384 4186 sicut
393 4123 558 4200 Ἀπόλλων,
569 4127 615 4184 vel
627 4124 802 4200 Ἀπολλύων,
810 4127 886 4184 idem
895 4145 927 4182 ac
936 4127 1060 4200 Angelus
1068 4126 1215 4180 Extermi-
