3198 5174
364 509 401 566 ³8
698 509 870 566 CORNELII
892 513 1046 570 uuuous

352 636 473 705 citiam
496 633 557 702 sibi
576 658 651 702 cum
670 635 863 727 quibusdam
886 637 1017 732 regibus
1035 639 1183 708 Thracia
1202 657 1384 732 pepererat..

274 849 276 854 Ι
409 755 500 822 vul.
518 753 633 846 Neque
649 765 759 821 tamen
780 779 799 823 a
817 755 951 824 caritate
967 757 1080 848 patriae
1097 759 1205 850 potuit
1221 756 1383 826 recedere.

361 872 446 940 Nam
465 897 564 964 quum
586 871 675 965 apud
695 874 792 964 AEgos
813 871 935 940 flumen
951 873 1128 958 Philocles,
1145 886 1266 968 praetor
1281 874 1386 943 Athe·

360 989 682 1080 niensium,elassern
690 990 1021 1078 constituissetsuam,
1033 1014 1139 1084 neque
1149 991 1248 1087 longe
1257 993 1386 1069 abesset
1458 1015 1464 1025 ·

358 1113 542 1207 Lysander,
562 1127 683 1206 praetor
702 1111 1042 1194 Lacedaemouiorum,
1058 1113 1114 1204 qui
1130 1112 1166 1180 in
1181 1137 1221 1180 eo
1239 1126 1308 1198 erat
1326 1136 1385 1182 oc-

358 1247 513 1327 cupatus,
529 1245 566 1300 ut
579 1229 702 1301 bellum
719 1255 817 1322 quam
834 1230 1016 1300 diutissime
1032 1230 1182 1314 duceret,
1199 1230 1288 1322 quod
1305 1231 1385 1323 ipsis

359 1325 499 1445 pecunia
526 1374 547 1418 a
569 1373 646 1443 rege
674 1347 964 1442 suppeditabatur3
988 1363 1105 1417 contra
1131 1331 1385 1418 Atheniensibus

358 1469 541 1555 exhaustis,
557 1480 676 1559 praeter
692 1491 783 1535 arma
798 1481 829 1534 et
845 1491 961 1552 naves,
975 1464 1057 1534 nihil
1070 1480 1139 1536 erat
1155 1490 1253 1561 super
1269 1491 1277 1534 ε
1296 1464 1385 1536 Alci-

359 1586 470 1656 biades
491 1585 533 1653 ad
557 1586 737 1654 exercitum
756 1585 847 1652 venit
863 1584 1130 1664 Atheniensium,
1153 1584 1278 1675 ibique,
1302 1607 1384 1676 prae-

360 1718 450 1772 sente
465 1701 573 1796 vulg0,
586 1728 681 1796 agere
698 1704 818 1795 erepit-z
829 1703 887 1770 «Si
904 1700 1041 1789 vellent,
1054 1727 1088 1770 se
1100 1717 1292 1771 coacturum
1305 1706 1385 1796 Lys-

360 1823 501 1891 andrum
529 1839 587 1891 aut
607 1823 776 1912 dimicare,
800 1836 858 1891 aut
879 1846 992 1915 pacem
1014 1838 1124 1915 petere
1148 1848 1155 1889 :
1176 1821 1385 1890 Lacedaemo-

363 1942 432 2008 nios
458 1967 497 2009 eo
519 1941 608 2010 nolle
630 1942 803 2035 confligere
822 1940 939 2027 classe,
955 1941 1044 2034 quod
1062 1942 1265 2035 pedestribus
1281 1941 1384 2034 copiis

362 2059 449 2152 plus,
459 2085 558 2153 quam
574 2062 726 2147 navibus,
743 2060 907 2132 valerent:
921 2061 1105 2128 sibiautem
1120 2085 1187 2128 esse
1201 2059 1295 2129 facile
1305 2063 1385 2130 Seu-

295 2173 297 2177 ’
361 2178 455 2265 then,
466 2205 577 2274 regem
592 2181 772 2266 Thracum,
786 2179 961 2269 deducere,
976 2193 1013 2248 ut
1026 2205 1081 2247 eos
1095 2194 1182 2248 terra
1195 2178 1383 2272 depelleret;

361 2323 427 2390 quo
442 2299 546 2387 farto,
564 2301 744 2368 necessario
762 2314 819 2367 aut
832 2298 933 2368 classe
946 2300 1172 2386 conflicturus,
1189 2311 1246 2366 aiit
1261 2296 1384 2366 bellum

360 2421 607 2512 composituros.
623 2419 663 2487 Id
680 2421 740 2488 etsi
752 2443 829 2487 vere
840 2417 963 2486 dictum
975 2415 1135 2486 Philocles
1147 2415 1383 2484 animadverte-

352 2523 430 2624 bat,
454 2553 565 2606 tamen
587 2537 751 2631 postulata
773 2538 877 2606 lacere
901 2535 1025 2622 noluit3
1045 2536 1135 2631 quod
1154 2536 1312 2604 sentiebat
1336 2559 1385 2617 se,

361 2652 529 2723 Alcibiade
554 2671 701 2749 receptu,
714 2654 836 2724 nullius
856 2657 1014 2724 momenti
1033 2656 1119 2748 apud
1143 2657 1322 2728 exercitum
1338 2654 1354 2722 s
1372 2693 1385 2708 ·

361 2787 490 2859 turum3
504 2788 552 2860 et,
577 2776 603 2842 si
629 2775 710 2867 quid
732 2773 866 2842 secundi
891 2777 1065 2861 euenisset,
1091 2773 1216 2843 nullam
1237 2777 1271 2842 in
1293 2798 1330 2842 ea
1350 2798 1386 2840 re

342 2915 453 2990 'suam
465 2908 593 2984 partem
611 2893 696 2977 fore3
709 2907 824 2961 contra
843 2918 896 2980 ea,
916 2894 943 2961 si
960 2893 1040 2985 quid
1059 2892 1185 2962 adversi
1202 2892 1384 2976 accidisset,

361 3036 395 3080 se
407 3037 511 3080 unum
521 3013 590 3106 ejus
607 3010 717 3082 delicti
734 3012 883 3081 futurum
898 3014 1060 3080 reumAb
1072 3013 1134 3080 hoc
1150 3012 1318 3081 discedens
1328 3009 1382 3080 Al-

361 3251 443 3322 illud
462 3277 594 3338 moneo,
608 3253 702 3344 juxta
716 3253 825 3321 hostes
844 3265 949 3320 castra
965 3250 1084 3319 habeas
1102 3251 1240 3320 nautica.
1255 3251 1385 3319 Pericu-

361 3372 429 3441 lum
445 3386 494 3441 est
510 3375 611 3458 enim,
626 3389 668 3440 n'e
684 3372 889 3441 immodestia
901 3369 1042 3439 militum
1056 3385 1243 3438 nostrorum
1259 3369 1385 3438 occasio

361 3491 457 3560 detur
472 3492 641 3584 Lysandro
660 3493 763 3560 nostri
779 3490 987 3584 opprimendi
1006 3492 1202 3558 exercitus.»
1218 3491 1332 3582 Neque
1347 3515 1385 3571 ea

361 3633 412 3678 res
428 3608 521 3678 illum
538 3609 660 3678 fefellit.
679 3613 764 3681 Nam
781 3609 963 3704 Lysander,
974 3597 1076 3702 quum
1093 3635 1151 3702 per
1167 3601 1385 3702 speculatores

362 3728 584 3822 comperisset,
599 3727 736 3824 vulgum
751 3730 999 3803 Atheniensium
1017 3729 1051 3796 in
1069 3745 1189 3796 terram
1205 3728 1386 3821 praedatum

359 3847 481 3932 exisse,
505 3871 668 3941 navesque
689 3872 773 3941 pene
796 3851 910 3916 inanes
935 3847 1085 3933 relictas,
1109 3863 1238 3941 tempus
1260 3849 1307 3914 rei
1331 3872 1385 3940 gc·
1475 3832 1480 3838 .

362 3967 470 4036 rendre
485 3994 553 4036 non
573 3969 710 4055 dimisit,
730 3994 833 4062 eoque
850 3971 974 4064 impetu
990 3984 1096 4038 totum
1113 3966 1235 4035 bellum
1254 3963 1383 4034 delevit.

409 4090 468 4155 lx.
479 4091 523 4158 At
536 4089 735 4168 Alcibiades,
751 4091 845 4158 victis
863 4090 1129 4180 Atheniensibus,
1143 4112 1209 4154 non
1225 4085 1384 4154 satistuto
