3114 5032
518 501 835 556 onsnnvanonns.
1135 505 1189 581 195

154 625 332 699 principibus
354 643 402 680 seu
420 622 556 698 dynastis,
576 635 603 678 et
621 623 804 698 Pylaemenem
823 627 946 699 generis,
967 645 1001 683 cx
1021 647 1076 702 quo
1096 631 1190 706 Thyes

156 727 238 771 ortus
257 727 329 786 erat,
346 725 488 770 auctorem
503 714 659 770 interfuisse
676 716 753 770 bello
769 716 890 787 trojano.
906 719 972 774 Haec
990 730 1072 775 recte.
1091 723 1189 778 Parum

156 807 293 862 intererat
308 825 342 862 eo
355 808 419 863 loco
434 806 519 876 scire,
535 825 551 860 a
567 825 624 879 quo
637 808 806 881 Pylaemenes
818 808 978 864 interfectus
991 811 1107 883 dicatur,
1121 826 1149 870 et
1161 815 1190 870 iu
1246 821 1248 836 '

158 917 196 954 eo
212 897 321 954 erravit.

202 989 322 1045 Protulit
338 989 520 1045 Homericum
538 1006 649 1044 versum
666 989 754 1056 Dion,
773 989 815 1044 ira
831 989 862 1044 in
880 991 1097 1048 obtrectatorem
1114 1013 1192 1051 suum

158 1080 338 1136 Heraclidem
353 1091 517 1169 permotus:
533 1081 600 1134 Non
619 1097 701 1152 posse
722 1080 795 1136 bene
811 1081 871 1154 geri
887 1083 1103 1156 rempublicam
1118 1089 1193 1142 mul-

159 1183 254 1228 torum
268 1171 403 1244 imperiis.
417 1173 466 1226 Est
477 1172 525 1226 ille
541 1171 621 1226 Iliad.
637 1191 676 1241 11,
695 1178 751 1238 aot,
769 1191 776 1225 :

292 1367 343 1417 Οὐκ
357 1363 450 1431 &pella
462 1367 640 1433 calummaris·
651 1362 683 1420 sis
697 1369 804 1434 stipator
815 1365 894 1428 lecu,

294 1441 333 1500 tls
348 1444 471 1499 deorsus.

165 1634 235 1686 Sunt
249 1632 308 1686 haec
319 1632 407 1687 verba
418 1633 536 1706 Ulyssis',
551 1632 598 1706 qui
611 1635 722 1688 Graecos
732 1631 791 1704 jam
804 1631 952 1688 discessum
964 1651 981 1687 a
997 1632 1081 1705 Troja
1095 1651 1199 1708 paran-

165 1733 207 1778 tes
226 1733 349 1792 coercct,
363 1733 396 1778 et*
405 1742 514 1779 morem
528 1742 625 1798 gerere
637 1725 717 1796 jubet
729 1723 946 1799 Agamemnoni,
960 1741 1045 1796 penes
1059 1744 1142 1800 quem
1154 1745 1201 1783 so·
1283 1737 1285 1744 ’

167 1815 225 1869 lum
243 1813 360 1869 deberet
377 1831 435 1870 esse
453 1833 559 1870 summa
574 1815 694 1891 imperii.
708 1816 814 1871 Citatur
826 1834 921 1871 versus
936 1815 983 1870 ille
1001 1834 1018 1872 a
1033 1818 1201 1890 Nepote'his

167 1905 277 1974 verbis,
290 1906 339 1959 Ere
354 1907 477 1960 secundo
496 1891 655 1980 rhapsodia
673 1908 801 1973 Homeri,
821 1925 879 1962 non
897 1906 1007 1978 adjecto
1025 1907 1129 1964 Iliados
1144 1928 1201 1966 no-

167 1995 252 2051 mine.
267 1997 404 2052 Concludi
420 1996 487 2052 inde
503 1997 606 2072 possit,
621 1997 739 2054 Iliadem
754 1998 884 2071 Odysseae
898 1998 1048 2054 antelatam
1061 2010 1089 2054 et
1105 2019 1121 2055 a
1138 2003 1202 2058 Ro·

168 2088 258 2144 manis
271 2089 396 2144 Cornelii
409 2099 537 2166 tempore
551 2089 728 2162 potissimum
744 2089 895 2146 lectitatum
908 2108 975 2159 esse.
1057 2093 1059 2101 '

209 2182 243 2236 V.
257 2180 464 2254 Suspicatisunt
476 2181 561 2253 primi
574 2191 601 2237 et
610 2180 789 2236 eruditissimi
800 2181 873 2237 inter
885 2183 965 2254 hujus
978 2183 1044 2240 libri
1059 2201 1202 2240 commen-

169 2284 286 2343 tatores,
304 2274 472 2346 Longolius,
485 2273 607 2346 Magius,
620 2273 899 2342 Lambinus,errasse
916 2293 1119 2348 nonnunquam
1137 2293 1203 2329 auc

171 2375 277 2434 torem,
294 2364 383 2420 libros
402 2370 521 2436 grecos,
544 2365 644 2438 quibus
663 2365 801 2432 utebatur,
822 2365 914 2420 minus
933 2377 1037 2422 attente
1056 2363 1203 2439 legentem.

19 2431 20 2440 ἵ
105 2461 110 2469 ‘
171 2459 304 2510 Narratur
321 2474 344 2510 e.
363 2473 389 2528 g.
405 2455 643 2526 Phocion,v,3:
666 2456 740 2510 «Hie
754 2474 839 2528 quum
856 2455 893 2510 ad
908 2467 1028 2512 mortem
1046 2457 1205 2526 duceretur,

173 2548 272 2603 obvius
286 2547 371 2602 eifuit
386 2547 582 2622 Empfzyletzu,
597 2566 654 2620 quo
669 2546 842 2603 familiariter
856 2547 945 2602 firerat
959 2567 1055 2604 usus.»
1073 2547 1205 2604 Nesciunt

174 2641 227 2696 talc
243 2658 347 2694 nomen
364 2649 546 2693 monumenta
562 2656 663 2712 graeca,
679 2648 707 2694 et
720 2649 865 2694 contextus
878 2649 988 2709 monet,
1002 2640 1204 2696 nominandum

172 2733 217 2788 hie
231 2732 314 2786 fuisse
330 2741 377 2786 ant
391 2730 535 2786 hominem
553 2729 766 2785 historicis'nnn
779 2731 919 2803 ignotum,
938 2741 984 2785 aut
1003 2731 1097 2804 potius
1109 2731 1140 2786 in
1156 2749 1205 2805 ge-
1292 2780 1294 2783 ,

173 2842 240 2880 nere
253 2821 372 2880 amicum
388 2821 547 2895 quemdam.
564 2821 670 2894 Opinio
685 2811 778 2894 itaque
792 2832 845 2891 est,
859 2823 1029 2878 convertisse
1045 2823 1206 2878 Cornelium

174 2925 256 2972 foces
269 2919 377 2970 Graecas
391 2908 514 2983 ἔμφυλος
528 2911 582 2980 tis,
602 2913 634 2968 id
646 2923 700 2982 est,
716 2932 750 2968 ex
764 2931 842 2969 more
859 2913 1081 2983 Atheniensium,
1101 2915 1207 2969 cibalis

175 3010 302 3082 quidam,
319 3025 375 3079 quo
393 3006 567 3061 familiariter
584 3023 647 3060 usus
665 3005 754 3059 fuerat
765 2998 907 3074 Phocion,
927 3005 957 3059 in
977 3021 1082 3060 nomen
1097 3007 1207 3061 homini

175 3099 330 3172 proprium.
346 3098 389 3152 lta
403 3097 506 3152 factum
522 3115 581 3152 esse
594 3096 691 3164 credo,
708 3115 759 3150 nec
772 3096 857 3152 video
878 3115 927 3152 cur
943 3107 1089 3170 tantopere
1106 3117 1135 3153 se
1149 3109 1208 3153 tor-

137 3205 141 3214 ·
172 3199 279 3263 vqueant
296 3188 369 3242 inter
387 3188 554 3243 recentiores
572 3187 715 3255 nonnulli,
726 3188 817 3242 levem
832 3188 908 3242 illam
922 3207 936 3242 e
952 3189 1085 3244 Cornelio
1098 3190 1208 3261 culpam

177 3279 307 3337 amovere
316 3278 465 3352 cupientes.
480 3280 589 3334 Erroris
598 3279 758 3334 Cornelium
772 3279 938 3354 quibusdam
947 3280 977 3332 in
990 3280 1059 3334 locis
1071 3280 1209 3334 accusavit

176 3374 293 3442 Plinius,
306 3382 336 3426 ut
355 3388 439 3444 supra
454 3370 612 3426 monuimus
624 3391 653 3444 p.
669 3369 739 3439 3223
757 3380 784 3425 et
797 3389 902 3442 errasse
915 3371 998 3424 etiarn
1013 3371 1043 3424 in
1055 3371 1139 3425 rebus
1152 3371 1210 3424 his·

177 3465 272 3521 toricis
288 3463 364 3519 haud
379 3462 461 3536 parvi
477 3461 629 3530 momenti,
643 3461 787 3529 evincent,
807 3462 906 3529 credo,
924 3460 1050 3534 quaedam
1066 3479 1126 3533 quse
1139 3479 1209 3534 pos-

174 3569 221 3613 tea
242 3557 365 3611 dicmms
388 3573 457 3610 sum.
482 3556 655 3608 Veneremur
678 3555 769 3608 bonos
792 3552 953 3625 scriptores,
974 3570 1034 3606 non
1056 3552 1080 3606 si
1101 3569 1210 3606 causam

179 3667 275 3705 eorum
297 3663 499 3720 quamcumque
520 3643 698 3717 suscipimus,
716 3655 744 3700 et
761 3644 930 3718 argumentis
948 3633 1124 3716 ‘quibuslibet
1142 3661 1210 3717 pro-

179 3757 348 3814 pugnamus3
370 3738 420 3793 sed
442 3755 527 3810 quum
549 3753 657 3791 errores
679 3735 858 3790 humanitatis
874 3745 955 3789 sorte
975 3735 1110 3790 admissos
1131 3735 1231 3807 facile,

180 3849 350 3898 excusamus,
364 3839 391 3884 et
408 3829 546 3883 bonosae
565 3825 726 3899 diligentes,
743 3826 831 3899 qualis
847 3826 965 3881 omnino
982 3825 1034 3881 fuit
1050 3827 1211 3894 Cornelius,

180 3941 228 3978 eos
247 3921 309 3996 qui,
326 3920 451 3976 veritatis
471 3928 499 3974 et
518 3917 661 3990 elegantiae
678 3917 808 3986 studiosi,
825 3935 908 3990 quam
925 3917 1058 3990 plurimas
1074 3935 1119 3972 res
1137 3926 1213 3972 recte

181 4025 208 4070 et
226 4023 351 4069 acmnate
365 4009 554 4078 tradiderunt,
574 4010 690 4082 evulgo
709 4002 876 4081 scriptorum
897 4009 1079 4077 secernimus,
1100 4000 1213 4080 qrribrrs,

182 4106 248 4161 dum
260 4107 385 4162 chartam
402 4102 550 4174 impleant,
564 4099 681 4174 perinde
695 4109 735 4154 est
753 4117 814 4171 quae
826 4099 994 4174 scripserint.
1048 4134 1050 4142 ,

1024 4187 1074 4252 13·
