3168 5048
391 391 445 450 156
595 367 769 449 onnnnm
790 395 945 452 mrorrs
965 395 1198 454 rmonmnm„

388 518 600 590 consiliorum
614 520 776 589 bonorum
789 547 798 589 ε
816 521 934 614 quibus
947 523 1004 615 qui
1016 547 1082 591 non
1095 523 1212 609 utitur,
1222 512 1418 590 felix'nullo

389 653 486 733 pacto
503 663 569 708 esse
592 653 707 732 potest.
732 643 820 734 Ergo
842 641 877 708 in
902 641 1035 733 perditis
1058 641 1229 734 impiisque
1246 639 1416 728 consiliis,

304 812 307 818 .
390 759 508 852 quibus
524 760 632 827 Caesar
641 781 724 826 usus
742 772 823 846 emt,
843 757 933 827 nulla
956 759 1062 853 potuit
1079 783 1146 828 esse
1163 758 1313 848 felicitns3
1338 758 1419 828 feli-

389 878 521 971 ciorque
536 902 608 945 meo
622 877 746 969 judicio
758 877 915 946 Camillus
930 877 1081 966 exulans,
1095 875 1193 970 quam
1206 880 1414 971 temporibus

387 995 503 1065 iisdem
516 993 682 1083 Manlius,
699 997 840 1083 etiamsi,
857 997 892 1065 id
909 997 999 1090 quod
1015 997 1179 1089 cupierat,
1195 1020 1332 1090 regnare
1348 1021 1412 1090 po·

388 1116 511 1184 tuisset.
527 1117 698 1184 Ammian.
716 1115 862 1185 Marcell.
881 1114 937 1184 lib.
957 1140 1014 1184 xm
1030 1131 1115 1186 extr.

435 1238 513 1303 Haec
536 1231 684 1326 quidem,
710 1248 856 1302 veterum
882 1233 1110 1323 formidantes,
1137 1233 1338 1329 cognitiones
1357 1258 1413 1304 ao-

342 1387 345 1393 ·
389 1369 484 1423 tuum
501 1353 686 1439 variorum,
703 1349 794 1444 stylis
812 1351 966 1420 uberibus
988 1351 1176 1446 explicatas,
1194 1378 1262 1422 non
1279 1352 1413 1422 edidere

390 1471 596 1565 superstites,
613 1483 650 1538 ut
667 1469 702 1537 in
720 1469 860 1563 quadam
878 1471 920 1540 ad
940 1470 1130 1540 Cornelium
1148 1473 1310 1565 Nepotem
1327 1473 1414 1565 epis·

390 1588 458 1659 tola
482 1586 608 1658 Tullius
633 1612 777 1681 quoque,
799 1589 889 1657 testis
913 1589 1125 1677 reverendus,
1148 1589 1298 1659 affirmat.
1323 1592 1414 1659 Am·

392 1708 492 1776 maon.
511 1706 660 1776 Marcell.
677 1705 732 1775 lib.
752 1731 847 1795 xxm,
858 1709 969 1801 princ.

438 1825 611 1894 Sententiae
635 1823 722 1894 illius
740 1823 897 1894 Tulliano
915 1827 1066 1919 ignarus,
1086 1825 1245 1914 docentis,
1267 1825 1413 1895 infelices

391 1967 458 2014 esse
475 1966 544 2033 eos,
569 1943 625 2036 qui
645 1944 754 2011 omnia
777 1943 838 2011 sibi
859 1942 955 2012 licere
977 1944 1213 2014 existimarunt.
1235 1946 1413 2016 Ammz'an.

391 2062 540 2145 Marcell.
558 2059 614 2131 lib.
632 2075 829 2150 xxv1‚extr.

689 2339 803 2406 IDEM
827 2338 889 2405 ΑΙ)
914 2339 1113 2408 ΑΊἭΟΠΜ

807 2544 850 2591 DE
866 2543 998 2594 NEPOTE.

439 2771 576 2865 Nepotis
601 2726 769 2863 epistolam
796 2780 954 2861 exspecto.
980 2765 1127 2859 Cupidus
1159 2765 1213 2835 ille
1244 2757 1412 2852 meorum,

394 2889 520 2981 quiea,
540 2887 658 2980 quibus
680 2889 820 2954 maxime
838 2881 971 2975 γαυριῶ,
990 2883 1126 2979 legenda
1146 2907 1213 2953 non
1232 2883 1350 2979 putet?
1369 2888 1414 2954 Et

394 3009 441 3078 eis
451 2999 683 3104 μετ’ἆμῦμοναι.
696 3009 747 3075 Tu
764 3031 841 3075 vero
861 2997 1009 3097 epulo,
1024 3004 1078 3074 ille
1098 3004 1230 3098 quidem
1246 2995 1410 3097 ἅμίροτος.

393 3127 467 3196 Lib.
485 3149 562 3215 xvr,
578 3149 628 3220 ep.
649 3121 680 3194 5.

441 3244 529 3315 Male
540 3269 653 3314 narras
665 3244 705 3313 de
716 3245 854 3337 Nepotis
865 3242 942 3312 filio.
956 3242 1061 3312 Valde
1072 3242 1256 3312 mehercule
1266 3266 1411 3331 moveor,

394 3378 428 3433 et
444 3363 577 3433 moleste
591 3364 670 3433 foro.
689 3363 873 3433 Nescieram
892 3363 1040 3450 omnino,
1061 3386 1129 3432 esse
1146 3362 1244 3430 istum
1262 3385 1410 3456 puerum.

395 3480 480 3551 Ibid.
504 3481 592 3576 epist.
613 3485 665 3566 14.
