3114 5032
382 454 436 510 182
645 455 805 512 solutus
827 455 940 512 titan.
964 454 1157 511 SCHLEGEL

379 578 602 648 veronensium,
623 579 698 636 cives
720 598 786 636 suos
810 579 939 635 Cornelio
959 579 1078 655 Nepoti,
1100 554 1233 654 tanquam
1252 582 1449 660 patriade-

377 669 453 738 cori,
472 671 546 726 inter
563 672 634 726 alios
653 671 774 727 illustres
793 672 973 728 veronenses
989 670 1104 746 publica
1121 673 1287 729 auctoritate
1301 685 1443 732 statuam

363 757 512 834 posuisse.
531 763 619 832 Quod
636 763 676 818 ob
694 781 807 820 morum
821 764 906 820 etiam
923 763 1095 837 probitatem
1115 764 1146 818 in
1160 783 1262 839 magna
1278 767 1442 824 existima-

376 853 454 910 tione
474 855 559 911 luerit
579 855 734 924 Cornelius,
758 856 902 929 egregium
923 857 1045 912 habetur
1063 857 1155 911 Plinii
1172 857 1378 914 testimonium.
1403 865 1439 916 Is

376 945 465 1015 enim,
478 957 510 1001 ut
523 945 727 1002 versiculorum
740 964 854 1003 suormu
867 948 1016 1004 liberiores
1028 949 1109 1020 jocos
1121 950 1253 1023 lususque
1264 965 1437 1022 excusaret,

375 1037 406 1093 in
425 1039 544 1113 epistola
564 1039 602 1095 ad
619 1039 793 1109 Aristonem,
811 1060 843 1109 v,
867 1039 900 1111 3,
922 1040 1089 1098 clarissimos
1109 1052 1255 1096 enumerat
1274 1042 1350 1098 inter
1369 1064 1434 1099 ro—

375 1149 475 1186 manos
493 1131 585 1201 viros,
603 1130 788 1205 imperatores
806 1132 904 1202 etiam,
924 1133 1075 1202 Caesarem,
1093 1134 1268 1206 Augustum,
1284 1135 1433 1206 Nervam,

375 1224 475 1279 eadem
500 1224 616 1279 licentia
640 1242 723 1293 usos,
748 1234 776 1279 et
798 1224 838 1279 ita
860 1223 980 1297 pergit:
1000 1226 1170 1279 «Neronem
1193 1225 1269 1279 enirn
1290 1237 1432 1298 transeo,

375 1315 502 1393 quamvis
518 1316 617 1385 sciam,
633 1334 693 1370 non
715 1316 859 1389 corrumpi
877 1316 908 1372 in
925 1315 1064 1382 deterius,
1081 1335 1143 1388 quse
1160 1315 1316 1389 aliquando
1335 1320 1431 1374 etiam

374 1426 392 1463 a
415 1408 509 1476 malis,
530 1408 581 1463 sed
603 1409 723 1464 honesta
741 1405 869 1477 manere,
888 1427 949 1481 quae
969 1407 1069 1482 ssep'ms
1092 1427 1109 1461 a
1129 1407 1214 1463 bonis
1235 1407 1316 1464 liunt.
1342 1413 1429 1467 Inter

375 1519 448 1574 quos
464 1501 509 1555 vel
523 1501 664 1573 praecipue
680 1500 871 1568 numerandus
888 1511 930 1556 est
942 1502 972 1555 P.
987 1499 1138 1573 Virgilius,
1151 1500 1291 1556 Comeluts
1306 1502 1424 1576 Nepos,

374 1602 403 1647 et
418 1592 496 1665 prius
506 1593 614 1648 Ennius
627 1592 782 1668 Acciusque
789 1613 798 1662 3
810 1611 869 1648 non
882 1592 997 1666 quidem
1012 1592 1043 1646 hi
1054 1603 1210 1662 senatores,
1219 1593 1269 1648 sed
1280 1597 1426 1650 sanctitas

374 1703 482 1738 monum
497 1703 558 1738 non
575 1684 660 1741 distat
681 1685 863 1740 ordinibus.»
882 1685 995 1740 Vossius
1010 1684 1119 1754 asserit,
1138 1685 1301 1740 Cornelium
1318 1687 1425 1742 referri

374 1776 412 1832 ab
425 1776 593 1846 Hieronymo
607 1777 637 1832 in
652 1777 784 1832 Chronico
795 1777 955 1832 Eusebiano
969 1776 1006 1832 ad
1018 1795 1125 1832 annum
1137 1777 1259 1850 Augusti
1273 1789 1421 1850 quartum.

374 1867 446 1923 Inde
463 1866 525 1923 sine
541 1868 631 1924 dubio
648 1869 816 1925 clarissimus
834 1870 867 1924 G.
890 1868 918 1924 C.
936 1868 1119 1942 Hamberger,
1137 1868 1187 1942 qui
1202 1869 1353 1943 scriptores
1368 1890 1420 1926 ve-

374 1959 441 2014 teris
455 1969 483 2014 et
495 1959 581 2016 medii
597 1962 650 2017 sevi
664 1962 753 2018 multa
768 1980 832 2016 cum
848 1958 995 2035 diligentia
1006 1961 1160 2030 recensuit,
1174 1960 1307 2016 inductus
1322 1963 1420 2034 perhi-

374 2053 439 2122 bet,
458 2051 529 2107 alios
545 2053 671 2109 Cornelii
687 2064 809 2110 mortem
822 2053 859 2109 ad
872 2053 1011 2127 primum,
1028 2051 1098 2107 alios
1111 2052 1148 2107 ad
1161 2052 1331 2121 secundum,
1345 2054 1419 2109 alios

375 2144 412 2200 ad
431 2157 559 2219 quartam
582 2145 701 2220 Augusti
726 2164 833 2201 annum
855 2144 969 2200 referre.
992 2147 1058 2214 Qua
1081 2144 1247 2200 auctoritate
1271 2145 1419 2216 suffultus,

374 2237 478 2293 nescio.
497 2238 531 2294 Id
548 2237 650 2307 video,
666 2237 826 2312 ambiguam
842 2247 870 2292 et
887 2236 1003 2291 minime
1019 2236 1235 2291 convenientem
1249 2255 1308 2291 esse
1322 2238 1417 2292 ratio-

374 2348 454 2399 nem,
468 2349 558 2386 annos
574 2330 611 2385 ab
626 2329 745 2403 imperio
759 2328 878 2402 Augusti
895 2327 1095 2402 computandi,
1113 2327 1168 2382 nisi
1186 2327 1320 2383 terminus
1339 2328 1418 2385 defi-

373 2419 468 2477 niatur
493 2433 542 2477 aut
562 2441 580 2478 a
601 2421 792 2491 triumviratu,
814 2431 863 2476 aut
885 2439 902 2476 a
931 2438 1028 2494 pugna
1052 2419 1180 2487 Actiaca,
1204 2429 1253 2474 aut
1277 2439 1293 2474 a
1320 2420 1418 2477 delato

373 2513 493 2588 Augusti
512 2513 637 2569 nomine.
663 2512 816 2568 Chronicon
846 2512 1036 2568 Eusebianum
1066 2530 1125 2566 non
1149 2521 1269 2566 mortem
1294 2514 1418 2569 auctoris

373 2605 464 2660 nostri
485 2605 606 2675 indicat,
623 2604 674 2660 sed
689 2615 800 2678 tempus
824 2623 883 2678 quo
900 2604 1023 2660 maxime
1040 2601 1146 2659 floruit.
1165 2603 1212 2659 Sic
1234 2603 1309 2658 enbn
1328 2605 1419 2662 verba

373 2708 478 2754 sonant
497 2718 515 2756 :.
528 2696 697 2754 «Octaviani
715 2696 828 2770 imperii
844 2715 920 2752 anno
943 2707 1059 2770 quarto,
1081 2695 1241 2770 olympiade
1260 2695 1328 2768 185,
1344 2698 1418 2752 Cor-

373 2790 464 2846 nelius
477 2793 572 2864 Nepos
590 2791 711 2863 scriptor
726 2789 876 2844 historicus
893 2790 984 2844 clarus
1002 2788 1156 2844 habetur.»
1173 2788 1266 2844 Credo
1284 2790 1418 2862 equidem

373 2882 410 2937 de
428 2883 550 2937 Cornelii
564 2892 655 2937 morte
676 2881 747 2936 nihil
766 2881 835 2936 certi
853 2878 987 2936 affinnari
1003 2899 1098 2955 posse,
1115 2891 1142 2935 et
1160 2880 1226 2936 satis
1243 2899 1303 2936 esse
1316 2882 1416 2953 nobis,

374 2973 452 3046 quod
468 2973 550 3028 Mela
568 2983 595 3029 et
614 2973 723 3028 Plinius
738 2982 896 3028 memorant
914 2993 921 3026 :
940 2997 953 3036 c
969 2973 1029 3028 Sub
1044 2973 1104 3028 divi
1120 2973 1238 3046 Augusti
1255 2973 1417 3047 principatu

375 3064 455 3120 obiit.
471 3087 484 3114 s
501 3065 535 3120 Id
553 3083 622 3120 vero
639 3064 744 3137 liquet,
761 3063 847 3120 fuisse
868 3064 1025 3120 Cornelium
1040 3064 1218 3139 superstitem
1238 3084 1314 3121 auno
1328 3067 1416 3123 Urbis

375 3173 442 3227 721,
459 3158 510 3213 Cn.
524 3157 652 3212 Domitio
668 3167 695 3212 et
712 3158 742 3212 C.
760 3157 843 3213 Sosio
856 3155 1032 3226 consulibus,
1046 3157 1097 3230 qui
1114 3169 1155 3213 est
1170 3177 1261 3214 annus
1278 3169 1343 3233 post
1358 3159 1415 3214 ini-

374 3258 435 3303 tum
452 3247 661 3304 triumviratum
680 3248 861 3317 undecimus,
881 3258 909 3303 et
926 3257 991 3304 ante
1012 3267 1096 3303 seram
1114 3261 1240 3306 nostram
1259 3251 1415 3325 trigesimus

374 3342 512 3397 secundus
519 3362 529 3411 ;
541 3361 576 3397 eo
589 3341 666 3396 enim
679 3358 756 3396 anno
771 3339 946 3413 Pomponius
958 3340 1065 3396 Atticus
1079 3342 1210 3412 decessit,
1224 3353 1251 3398 et
1269 3344 1413 3399 Cornelius

375 3433 438 3505 vitae
453 3433 512 3505 ejus
526 3434 617 3508 capita
636 3444 758 3508 quatuor
771 3430 929 3507 posteriora
945 3431 1056 3504 adjecit.

415 3528 494 3595 Quos
514 3529 646 3600 qualesve
663 3527 753 3582 libros
773 3525 914 3580 Cornelias
934 3524 1147 3598 conscripserit,
1165 3527 1268 3599 partim
1282 3528 1342 3602 ipse
1361 3549 1412 3584 nos

375 3619 459 3675 docet
473 3619 504 3673 in
516 3614 586 3674 l'ocis
602 3619 772 3693 quibusdam
789 3635 888 3672 eorum
901 3619 951 3691 qui
964 3617 1001 3673 ad
1013 3627 1124 3672 nostras
1136 3635 1291 3689 pervenere
1303 3638 1411 3689 manus,

375 3711 477 3786 partim
496 3710 615 3766 etiams
634 3710 815 3766 citationibus
837 3720 964 3765 veterum
985 3720 1102 3783 apparet
1123 3711 1189 3768 satis
1212 3710 1409 3784 frequentibus.

375 3801 433 3858 llas
445 3821 547 3878 magna
561 3803 708 3876 diligentia
721 3802 774 3857 sub
789 3801 1011 3875 fragmentorum
1023 3802 1140 3856 nomine
1153 3801 1266 3876 collegit
1286 3805 1411 3859 Andreas

378 3896 518 3964 Salienus,
541 3894 752 3967 Antverpiensis
775 3893 952 3950 doctissimus
975 3913 990 3950 e
1010 3894 1038 3949 S.
1057 3896 1099 3963 J.,
1116 3913 1201 3967 quam
1218 3895 1411 3950 collectionem

377 3987 481 4042 editam
492 3987 578 4044 video
591 3987 770 4043 Francofirrti
782 4005 857 4042 anno
875 3985 957 4042 1608.
972 3986 1106 4042 Eamdem
1119 3987 1197 4041 auxit
1210 3995 1308 4060 postea
1320 3987 1411 4060 paucis

377 4080 405 4134 in
422 4081 490 4135 locis
508 4081 534 4136 J.
551 4083 587 4135 A.
605 4081 720 4148 Basias,
739 4079 882 4152 professor
898 4078 1031 4148 lenensis,
1041 4097 1118 4133 anno
1137 4077 1220 4148 1657.
