3198 5174
382 475 416 532 ,4
707 442 882 500 commu
903 441 1060 498 rororis

298 642 305 663 ,
369 570 498 655 haberi,
525 593 568 636 ne
587 582 693 636 essent
712 565 784 636 loca
806 567 947 651 munito,
964 591 1037 659 quae
1057 567 1165 636 hostes
1178 564 1393 659 possiderent,

370 687 581 760 Athenienses
596 684 791 754 {edificantes
807 685 981 778 prohibere
994 699 1072 753 sunt
1084 686 1205 754 conati.
1216 685 1287 752 Hoc
1297 681 1395 773 longe

371 806 436 876 alio
456 806 622 901 spectabat
639 821 739 897 atque
760 803 864 873 videri
881 803 1043 874 volebant.
1069 804 1285 874 Athenienses
1306 801 1395 869 enim

371 927 497 998 duabus
529 928 696 1013 victoriis,
733 921 943 994 Marathonia
976 941 1010 994 et
1041 922 1237 1011 Salaminia,
1269 935 1395 990 tonum
1427 963 1430 966 >

371 1045 507 1142 gloriam
530 1045 620 1140 apud
642 1067 754 1114 omnes
778 1060 892 1138 gentes
917 1060 1011 1112 erant
1032 1043 1220 1129 consecuti,
1242 1057 1281 1109 ut
1306 1037 1397 1107 intel-

372 1165 508 1259 ligerent
525 1164 784 1250 Lacedaemonii,
805 1164 845 1231 de
871 1163 1058 1257 principatu
1080 1162 1141 1230 sibi
1162 1185 1239 1230 cum
1256 1160 1307 1228 his
1327 1183 1397 1227 cer-

374 1301 481 1353 tamen
503 1283 593 1352 fore:
621 1305 723 1374 quare
743 1307 797 1350 eos
827 1306 927 1375 quam
955 1281 1193 1350 infirmissimos
1218 1303 1286 1348 esse
1309 1276 1398 1346 vole·

323 1399 326 1412 '
374 1405 462 1472 baut.
482 1405 785 1492 Postquam-autem
805 1400 983 1470 audierunt
997 1423 1110 1467 muros
1127 1399 1256 1482 instrui,
1275 1395 1399 1491 legatos

376 1521 518 1589 Athenas
537 1519 718 1606 miserunt,
735 1520 793 1610 qui
807 1519 841 1586 id
853 1519 924 1588 lieri
941 1531 1099 1586 vetarent.
1112 1518 1171 1586 His
1185 1515 1400 1610 presentibus

375 1639 560 1726 desierunt,
577 1664 614 1707 ac
637 1637 728 1708 sede
745 1662 783 1706 ea
802 1663 838 1706 re
860 1637 985 1732 legatos
1003 1637 1045 1706 ad
1063 1661 1117 1704 eos
1137 1638 1294 1706 missuros
1310 1636 1400 1732 dp'xe-

377 1775 464 1828 runt.
487 1763 581 1827 Hanc
606 1758 800 1850 legationem
823 1758 969 1850 suscepit
981 1735 1233 1841 Themistocles,
1258 1770 1291 1824 et
1309 1753 1398 1824 solus

378 1901 472 1972 prmo
495 1877 660 1970 profectus
672 1890 720 1946 est
737 1876 878 1971 :reliqui
894 1877 993 1971 legati
1005 1889 1042 1946 ut
1056 1890 1127 1944 tum
1141 1875 1281 1961 exirent,
1296 1855 1409 1967 quum¹
1465 1952 1475 1964 ι

377 1999 453 2065 satis
475 1995 614 2064 altitudo
636 1998 723 2064 muri
743 2010 894 2064 extructa
916 1995 1101 2083 videretur,
1126 1995 1297 2089 praecepit3
1319 1994 1401 2084 iute-

378 2117 439 2184 rim
456 2139 569 2182 omnes
591 2116 675 2182 servi
698 2130 797 2207 atque
814 2114 910 2183 liberi
925 2140 1008 2209 opus
1028 2115 1187 2201 lacerent3
1210 2139 1317 2207 neque
1342 2113 1401 2183 ulli

377 2236 450 2304 loco
465 2249 652 2329 parcerent,
662 2235 730 2303 sive
740 2259 831 2304 sacer
841 2251 939 2324 essct,
950 2237 1017 2304 sive
1026 2235 1197 2328 profanus,
1208 2236 1275 2302 sive
1291 2236 1400 2326 priva·

377 2372 443 2446 tos,
455 2357 523 2426 sive
534 2353 703 2446 publicus,
714 2369 748 2423 et
763 2353 924 2447 undique,
934 2355 1024 2447 quod
1037 2352 1242 2423 idoneumad
1252 2354 1400 2421 munien-

377 2474 456 2546 dum
478 2487 644 2568 putarent,
667 2489 892 2567 congererent.
912 2476 991 2561 Quo
1011 2473 1135 2556 factum
1155 2488 1223 2560 est,
1245 2487 1282 2540 ut
1302 2473 1402 2542 Athe·

377 2595 539 2662 niensium
554 2593 640 2659 muri
657 2616 697 2660 ex
715 2590 841 2660 sacellis
858 2591 1080 2685 sepulcrisque
1102 2605 1299 2660 constarent.

423 2714 498 2782 VII.
522 2709 756 2778 Themistocles
775 2725 899 2799 autem,
932 2729 970 2781 ut
992 2711 1262 2782 Lacedaemonem
1290 2714 1402 2797 venit,

378 2818 532 2900 adiread
552 2828 763 2924 magistratus
786 2823 906 2918 noluit,
926 2847 960 2899 et
979 2831 1069 2900 dedit
1091 2855 1224 2925 operam
1249 2847 1404 2924 utquam

379 2948 565 3043 longissime
580 2964 710 3043 tempus
725 2949 881 3037 duceret,
898 2976 1029 3021 causam
1048 2954 1274 3046 interponens,
1291 2977 1324 3022 se
1339 2952 1405 3021 col-

377 3070 465 3164 legas
480 3084 663 3162 expecture.
682 3071 796 3158 Quum
816 3072 1056 3140 Lacedaemonii
1074 3049 1306 3165 quererentur,
1323 3099 1406 3168 opus

379 3187 590 3258 nihilominus
600 3185 688 3275 fieri,
706 3214 847 3282 eumque
857 3191 891 3260 in
907 3215 945 3260 ea
961 3217 996 3259 re
1010 3195 1122 3261 conari
1135 3192 1262 3280 sallere3
1275 3197 1406 3263 interim

329 3399 332 3410 ,
378 3306 497 3400 reliqui
519 3295 619 3401 legati
636 3323 714 3376 sunt
737 3291 914 3378 consecuti.
936 3315 965 3379 Α
985 3312 1104 3403 quibus
1124 3336 1227 3403 quum
1244 3313 1406 3401 audisset,

378 3451 445 3494 non
462 3425 605 3494 multum
623 3451 790 3522 superesse
807 3430 1017 3516 munitionis,
1035 3431 1077 3498 ad
1090 3431 1233 3524 ephoros
1254 3432 1406 3501 Lacedae·

378 3548 566 3616 moniorum
577 3549 730 3634 accessit,
741 3571 842 3639 penes
856 3573 938 3638 quos
953 3572 1118 3617 summum
1134 3550 1311 3642 imperium
1321 3566 1406 3619 erat:

379 3681 477 3758 atque
501 3664 589 3758 opud
613 3689 668 3733 eos
688 3664 875 3750 contendit,
899 3665 978 3734 salsa
998 3667 1049 3734 his
1073 3691 1141 3736 esse
1162 3667 1283 3755 delata;
1308 3693 1408 3762 quare

378 3808 508 3878 aequum
518 3808 605 3866 esse,
620 3782 692 3850 illos
709 3783 797 3850 viros
813 3783 917 3851 bonos
933 3782 1124 3878 nobilesque
1136 3788 1278 3876 mittero,
1291 3788 1409 3882 quibus

381 3903 460 3974 fides
481 3901 674 3986 haberetur,
699 3901 845 3992 quirem
868 3900 1097 3995 explorarent;
1118 3905 1243 3972 interea
1268 3931 1301 3974 se
1322 3908 1409 3976 obsi·

381 4023 455 4090 dem
469 4021 658 4089 retinerent.
677 4022 798 4087 Gestus
815 4035 863 4088 est
879 4023 910 4100 ei
925 4047 1012 4108 mos,
1028 4037 1160 4114 tresque
1171 4022 1288 4116 legati,
1304 4025 1409 4093 functi
