3168 5048
365 479 403 538 90
705 461 878 518 CORNELII
896 461 1053 518 NEPOTIS

366 587 595 679 Tissaphernes
616 609 755 680 usquam
775 611 809 656 se
828 600 984 656 moveret.
1004 588 1127 680 Magna
1146 585 1257 680 prada
1278 587 1400 656 militi-

366 707 429 776 bus
445 704 841 800 locupletatis,Ephesum
858 706 1038 776 hiematum
1053 707 1232 774 exercitum
1243 705 1399 792 reduxit3

351 835 464 918 'atque
482 824 544 912 ibi,
562 823 701 894 officinis
719 848 886 893 armorum
899 824 1074 912 institutis,
1093 847 1212 918 magna
1228 823 1400 893 industria

365 942 488 1012 bellum
509 944 688 1038 apparavit.
709 945 753 1012 Et
778 967 844 1036 quo
867 943 1042 1012 studiosius
1066 956 1288 1029 armarentur,
1310 943 1397 1010 insi-

366 1059 527 1160 gniusque
551 1077 764 1146 ornarentur,
785 1065 919 1156 premia
933 1064 1124 1156 proposuit,
1145 1063 1265 1155 quibus
1286 1062 1396 1131 dona-

366 1198 482 1254 rentur
502 1207 644 1277 quorum
660 1184 790 1276 egregia
809 1184 844 1251 in
861 1207 899 1252 ea
915 1207 951 1251 re
971 1161 1085 1252 fuisset
1108 1183 1278 1252 industria.
1299 1184 1397 1251 Fecit

366 1303 453 1372 idem
473 1302 507 1369 id
528 1303 798 1370 exercitationum
817 1301 1004 1396 generibus,
1026 1317 1079 1386 ut,
1098 1303 1155 1394 qui
1175 1303 1290 1371 ceteris
1312 1325 1398 1394 prae-

367 1421 539 1506 stitissent,
558 1445 612 1488 eos
629 1422 757 1514 magnis
772 1419 919 1524 afficeret
932 1421 1133 1490 muneribus.
1151 1420 1211 1488 His
1225 1420 1326 1513 igitur
1340 1446 1396 1488 re-
1505 1503 1509 1508 ‚

368 1538 430 1606 bus
449 1538 557 1606 effecit
578 1552 666 1607 utet
685 1539 929 1608 ornatissimum
947 1554 982 1608 et
1007 1539 1310 1608 exercitatissimum
1333 1539 1397 1608 ha-

367 1656 460 1724 beret
477 1657 668 1726 exercitum.
683 1659 769 1726 Huic
784 1683 887 1750 quum
904 1673 1034 1752 tempus
1051 1672 1135 1726 esset
1151 1659 1260 1725 visum
1277 1657 1392 1748 copias

368 1775 539 1844 extrahere
559 1800 598 1843 ex
617 1776 858 1864 hibernaculis,
880 1777 976 1864 vidit,
997 1778 1024 1845 si
1045 1801 1111 1868 quo
1129 1789 1214 1845 esset
1242 1777 1303 1844 iter
1324 1773 1395 1842 fac-

368 1905 462 1962 turus
481 1891 588 1987 palam
604 1896 866 1988 pronuntiasset,
882 1897 992 1966 hostes
1012 1921 1079 1964 non
1098 1895 1280 1964 credituros
1297 1891 1394 1962 alias·

369 2035 433 2103 que
462 2012 612 2106 regiones
638 2013 795 2106 presidiis
824 2029 1057 2108 occupaturos,
1093 2039 1154 2083 uec
1187 2013 1394 2106 dubitaturos

369 2126 458 2197 aliud
474 2155 543 2198 esse
558 2130 723 2200 facturum
742 2157 780 2201 ao
794 2134 1047 2226 pronuntiasset.
1064 2136 1194 2225 Itaque,
1208 2107 1310 2225 uuum
1337 2129 1394 2198 ille

369 2249 481 2318 Sardis
496 2251 625 2332 iturum
644 2275 677 2320 se
691 2252 839 2339 dixisset,
855 2254 1085 2347 Tissaphernes
1101 2252 1249 2322 eamdem
1261 2240 1393 2320 Cariam
1457 2267 1462 2272 '

370 2368 607 2440 defendendam
626 2375 764 2466 putavit.
781 2377 821 2445 In
837 2399 902 2467 quo
919 2398 1022 2465 quum
1037 2397 1113 2442 eum
1132 2373 1244 2466 opinio
1261 2369 1393 2439 fefellis·
1431 2466 1435 2474 „

370 2502 434 2575 set,
452 2490 640 2583 victumque
660 2516 694 2560 se
718 2491 850 2561 vidisset
875 2491 1034 2576 consilio,
1057 2517 1130 2561 sero
1153 2492 1219 2560 suis
1241 2489 1393 2584 prasidio

368 2608 536 2698 profectus
554 2624 603 2677 est
620 2635 628 2678 :
643 2635 721 2678 nam
743 2634 845 2703 quum
866 2610 924 2679 illo
943 2612 1099 2696 venisset,
1114 2612 1183 2704 jam
1207 2607 1392 2704 Agesilaus,

369 2725 481 2796 multis
501 2726 581 2797 locis
599 2732 812 2823 expugnatis,
828 2755 947 2823 magna
955 2746 1025 2799 erat
1037 2730 1144 2824 praeda
1156 2730 1291 2823 potitus.
1304 2732 1393 2798 laco

370 2859 494 2931 autem,
504 2871 605 2938 quum
618 2848 744 2916 videret
758 2849 866 2918 hostes
879 2849 1027 2942 equitatu
1039 2874 1209 2942 superare,
1221 2872 1392 2941 uunquam

370 2961 405 3028 in
423 2987 540 3056 campo
556 2965 606 3032 sui
623 2965 701 3035 fecit
717 2982 924 3060 potestatem,
941 2982 974 3037 et
989 2969 1040 3037 his
1056 2968 1135 3038 locis
1157 2993 1292 3037 manum
1313 2993 1392 3036 con-

371 3083 473 3150 seruit
493 3083 611 3176 quibus
628 3085 702 3180 plus
719 3080 885 3180 pedestres
902 3090 1004 3183 copiae
1021 3087 1176 3157 valerent.
1197 3085 1328 3181 Pepulit
1342 3112 1392 3155 er·

370 3227 427 3297 go,
446 3205 702 3298 quotiescunque
721 3232 913 3302 congressus
930 3222 994 3293 est,
1010 3204 1115 3276 multo
1128 3209 1268 3300 majores
1280 3207 1394 3274 adver·

370 3304 532 3392 sariorum
548 3324 673 3418 copias3
691 3340 724 3394 et
737 3328 783 3394 sic
803 3328 836 3393 in
854 3327 930 3395 Asia
943 3341 1090 3395 versatus
1106 3340 1169 3413 est,
1186 3340 1223 3394 ut
1242 3326 1390 3393 omnium

370 3443 525 3532 opinione
540 3444 647 3512 victor
665 3443 852 3512 duceretur.

417 3563 476 3628 IV.
494 3563 557 3630 Hic
573 3586 676 3654 quum
693 3564 763 3655 jam
790 3564 900 3631 auimo
927 3563 1142 3632 meditaretur
1166 3565 1341 3658 proficisci*
1359 3565 1391 3630 in

370 3681 499 3765 Persas,
518 3690 551 3746 et
565 3681 673 3773 ipsum
690 3706 800 3776 regem
814 3681 954 3768 adoriri,
971 3684 1106 3751 nuntius
1126 3684 1156 3751 ei
1172 3682 1270 3750 domo
1285 3686 1390 3764 venit,

370 3795 570 3889 ephororum
590 3799 698 3892 jussu,
728 3799 850 3871 beilum
875 3803 1090 3870 Athenienses
1116 3817 1150 3870 et
1175 3803 1317 3872 Boeotios
1342 3802 1391 3868 in-

246 3921 255 4002 ,³
367 3916 490 3990 dixisse
505 3917 774 4002 Lacedaemoniis3
790 3943 891 4012 quare
907 3921 1019 3989 venire
1031 3946 1071 3988 ue
1088 3921 1263 3989 dubitaret.
1276 3925 1315 3990 In
1332 3919 1393 3992 hoc

247 4041 248 4044 ’
364 4061 438 4112 non
454 4040 563 4106 minus
578 4029 648 4132 ejus
665 4038 769 4132 pietas
787 4040 993 4133 suspicienda
1010 4054 1059 4108 est
1082 4065 1182 4132 quam
1206 4041 1310 4109 virtus
1328 4038 1393 4106 bel·
