3168 5048
651 500 820 556 ATTICUS.
1203 501 1258 557 135
1306 551 1310 558 .

217 629 451 721 procuratione
468 625 656 721 reipublicae
674 641 843 694 auctorem
857 640 1071 718 actoremque
1084 625 1260 696 habebant.

217 748 326 840 Igitur
343 747 487 840 primum
505 744 587 814 illud
601 771 723 816 munus
739 743 896 828 fortunas,
914 744 1004 838 quod
1021 747 1055 813 iu
1074 771 1112 814 ea
1129 749 1262 840 potissi-

219 891 310 934 mum
329 867 411 934 urbe
429 882 527 935 natus
545 865 609 954 est',
631 868 751 959 inqua
770 864 973 934 domicilium
991 866 1081 934 orbis
1100 881 1263 936 terrarum

218 998 303 1053 esset
318 986 465 1080 imperii,
483 1000 522 1053 ut
539 986 687 1054 eamdem
705 999 739 1054 et
756 988 896 1080 patriam
913 986 1099 1076 haberetet
1117 985 1263 1055 domum.

219 1107 292 1172 Hoc
309 1106 473 1198 specimen
490 1105 692 1201 prudentiae,
711 1105 818 1198 quod,
832 1130 944 1199 quum,
955 1107 989 1174 in
1007 1129 1079 1174 eam
1100 1107 1265 1174 civitatem

220 1249 255 1292 se
280 1222 492 1313 contulisset,
518 1249 591 1318 quae
619 1226 834 1319 antiquitate,
864 1226 1089 1314 humanitate,
1116 1225 1267 1294 doctrina

221 1359 393 1438 praestaret
410 1369 542 1433 omnes,
562 1370 649 1414 unus
667 1347 696 1414 ei
715 1360 792 1414 ante
805 1344 886 1414 alios
900 1344 1000 1414 fuerit
1019 1333 1216 1414 carissimus.

235 1529 239 1537 .
269 1467 329 1536 IV.
356 1469 431 1536 Huc
444 1490 483 1534 ex
495 1467 572 1536 Asia
586 1464 677 1534 Sulla
691 1465 849 1534 decedens
863 1489 967 1560 quum
982 1467 1138 1555 venisset,
1152 1491 1267 1559 quam·

144 1599 146 1606 “
224 1584 281 1652 diu
295 1584 341 1654 ibi
353 1584 432 1672 fuit,
446 1610 557 1654 secum
569 1586 686 1654 habuit
699 1587 936 1679 Pomponium,
949 1595 1065 1680 captus
1080 1585 1268 1656 adolescen-

224 1705 266 1774 tis
278 1720 311 1773 et
324 1706 528 1774 humanitate
541 1719 575 1773 et
586 1705 747 1774 doctrina.
763 1705 817 1774 Sic
829 1707 917 1773 enim
942 1730 1045 1798 graece
1057 1704 1267 1799 loquebatur,

225 1840 264 1894 ut
287 1827 424 1896 Athenis
446 1840 544 1898 natus
564 1826 742 1896 videretur.
768 1829 875 1894 Tanta
897 1840 1008 1894 autem
1029 1827 1172 1895 suavitas
1198 1840 1269 1894 erat

225 1948 384 2016 sermonis
403 1945 513 2034 latini,
534 1960 573 2014 ut
591 1961 783 2040 appareret,
807 1947 840 2014 in
864 1971 904 2014 eo
924 1948 1073 2014 nativum
1094 1947 1270 2040 quemdam

225 2064 370 2159 leporem
384 2091 469 2154 esse,
487 2089 555 2140 uon
570 2066 740 2134 adscitum.
759 2065 851 2133 Idem
865 2080 1016 2159 poemata
1033 2068 1271 2160 pronuntiabat

225 2199 260 2252 et
273 2209 377 2278 graece
394 2199 428 2254 et
443 2184 543 2253 latine
557 2186 618 2272 sic,
633 2199 672 2255 ut
689 2209 788 2278 supra
806 2182 888 2252 nihil
907 2199 1017 2279 posset
1033 2185 1119 2252 addi.
1139 2185 1270 2272 Quibus
1298 2233 1302 2238 -

227 2304 325 2373 rebus
343 2304 466 2374 lactum
484 2319 550 2390 est,
570 2321 609 2374 ut
628 2304 719 2374 Sulla
738 2330 902 2398 nusquam
920 2330 996 2373 eum
1015 2306 1057 2372 ab
1078 2330 1112 2373 se
1129 2304 1272 2373 dimitte·

227 2439 293 2512 ret,
311 2406 513 2520 cuperetque¹
532 2449 642 2496 secum
664 2425 834 2497 deducere.
856 2426 925 2514 Qui
947 2449 1051 2518 quum
1074 2425 1272 2518 persuadere

227 2558 388 2633 tentaret,
416 2544 542 2633 «Noli,
568 2571 629 2614 oro
652 2561 703 2632 te,
727 2546 835 2638 inquit
855 2545 1076 2639 Pomponius,
1098 2535 1272 2614 adeersum

228 2690 283 2734 eos
302 2691 355 2734 me
369 2664 451 2736 velle
469 2666 604 2754 ducere,
623 2691 699 2734 cum
718 2666 838 2758 quibus
856 2689 898 2733 ne
917 2679 1033 2732 contra
1051 2678 1084 2732 te
1102 2687 1194 2732 amna
1210 2664 1275 2766 fer-

228 2812 314 2875 rem,
332 2786 462 2856 Italiam
480 2786 609 2900 ¹rqliqui.
621 2817 638 2852 o
658 2791 703 2856 At
722 2784 829 2874 Sulla,
847 2784 1060 2853 adolescentis
1079 2785 1190 2856 officio
1207 2785 1275 2854 col-

229 2905 381 2996 laudato,
401 2909 670 2976 omnia'munera
684 2907 729 2995 ei,
749 2931 822 2999 quae
840 2906 978 2975 Athenis
996 2920 1181 3000 acceperat,
1198 2932 1276 3001 pro-

217 3013 378 3096 liciscens
400 3009 503 3119 jussit
524 3025 653 3095 deferri.
683 3028 746 3094 Hic
768 3024 954 3121 complures
977 3050 1082 3094 anuos
1106 3037 1274 3113 moratus,

231 3172 335 3240 quum
352 3162 386 3216 et
399 3149 447 3216 rei
459 3145 611 3216 familiari
626 3161 756 3215 tantum
774 3145 882 3240 opera
896 3145 1004 3234 daret,
1022 3161 1186 3238 quantum
1205 3151 1290 3214 non'

142 3291 147 3300 ’
231 3266 413 3361 indiligens¹
424 3267 557 3336 deberet
582 3281 676 3361 pater
693 3263 847 3351 familias;
866 3281 899 3333 et
920 3266 1031 3334 omnia
1048 3263 1176 3358 reliqua
1195 3279 1276 3333 tem·

233 3413 316 3482 pora
332 3402 391 3457 aut
405 3385 538 3476 litteris,
553 3401 611 3456 aut
625 3351 873 3457 Atheniensiulu
887 3383 1074 3479 reipublicae
1086 3385 1247 3453 tribueret
1267 3410 1275 3451 τ

235 3485 448 3590 nihilonimus
461 3505 572 3576 amicis
586 3495 713 3576 urb'a'na
726 3503 835 3574 officia
847 3505 1009 3599 praestitit.
1024 3507 1110 3575 Nam
1121 3519 1154 3572 et
1166 3504 1208 3571 ad
1222 3529 1277 3574 co-

235 3628 327 3696 mitia
341 3651 456 3698 eorum
469 3628 656 3714 ventitavit;
669 3641 719 3714 et,
734 3627 761 3694 si
775 3650 842 3718 qua
853 3650 905 3693 res
918 3625 1024 3717 major
1041 3638 1114 3694 acta
1128 3637 1194 3713 est,
1208 3649 1276 3692 nou

235 3747 349 3816 defuit.
370 3748 463 3818 Sicut
481 3748 633 3816 Ciceroni
652 3747 686 3814 in
705 3746 859 3814 omnibus
876 3745 946 3837 ejus
961 3744 1114 3839 periculis
1133 3742 1278 3838 singula-

235 3895 305 3938 rem
318 3867 415 3937 fidem
434 3860 597 3961 proibuit:
614 3867 668 3934 cui
682 3891 722 3934 ex
735 3867 842 3960 patria
861 3864 1001 3960 fugienti
1020 3866 1203 3934 sestertium
1218 3863 1279 3931 dir-
1303 3857 1310 3876 ¹

236 4006 332 4058 centa
345 4005 378 4057 et
392 3989 632 4082 quinquaginta
645 3983 745 4054 millia
758 3986 904 4058 donavit.
920 3982 1154 4076 Tranquillatis
1168 3997 1278 4051 autem

237 4112 336 4180 rebus
354 4110 516 4197 romanis,
534 4108 722 4202 remigravit
743 4110 897 4192 Romam,
918 4119 954 4172 ut
973 4104 1104 4198 opinor,
1122 4106 1161 4171 L.
1181 4106 1279 4172 Cotta
