3114 5032
369 233 422 290 ¹9⁰
628 209 789 266 toanms
809 208 923 264 llENll.
944 205 1136 264 SClILEGEL
1207 261 1209 265 ,

366 337 461 398 manda
471 334 616 392 Cornelius
627 333 791 408 susceperit,
803 332 973 407 ignoramus.
980 331 1123 388 Credibile
1129 341 1186 399 est,
1199 349 1261 385 euro
1273 331 1435 406 insignes

280 440 283 447 '
366 433 440 488 siros
449 449 483 486 ex
493 429 571 484 omni
579 447 614 483 eo
627 437 754 500 tempore
763 425 911 499 delegisse,
923 442 979 498 quo
988 426 1179 480 Romanorum
1192 420 1289 477 floruit
1301 441 1431 497 respn-

363 526 445 581 blica.
456 525 478 578 F
479 533 540 578 oret
550 540 616 577 sane
625 520 766 588 hicliber,
780 519 871 574 sisois
880 518 919 572 ita
929 517 1049 584 tulisset,
1061 515 1194 571 eximiam
1206 515 1432 586 adjumentum

364 617 401 674 ad
413 613 613 689 pertexendam
623 611 769 668 historiam
778 629 938 678 romanam,
951 607 1089 682 praecipue
1101 607 1132 662 in
1144 607 1200 662 illis
1209 609 1428 680 temporibus,

364 708 465 783 qrribus
481 717 509 762 et
525 705 619 760 Livius
635 714 663 760 et
677 703 826 776 Dionysius
840 698 1091 756 Halicarnassensis
1104 698 1166 772 pari
1181 699 1239 753 sato
1255 697 1425 755 deficiunt.

403 797 557 872 Descripsit
580 796 740 864 Cornelius,
763 795 793 850 in
816 793 908 868 operis
930 801 1010 865 parte
1029 809 1089 864 quae
1111 791 1207 845 relicta
1226 801 1284 860 est,
1306 808 1424 864 graeoe

364 892 455 968 gentis
476 891 559 946 duces
579 889 627 962 qui
646 886 781 943 memoria
802 886 882 958 digni
902 884 1080 951 viderentur,
1100 893 1201 955 praeter
1221 900 1312 957 reges.
1342 886 1422 957 Ipse

366 985 440 1042 enim
458 998 588 1055 expresse
610 979 691 1048 dicit,
709 997 738 1034 se
756 978 808 1033 hos
826 976 961 1049 attingere
978 973 1108 1029 noluisse.
1128 973 1230 1030 Omisit
1245 974 1354 1031 heroes
1372 979 1420 1033 ad

366 1074 518 1149 mythicum
537 1081 645 1144 tempus
663 1069 848 1144 pertinentes,
867 1065 955 1140 qualis
975 1065 1096 1120 Theseus
1101 1103 1112 1131 ,
1136 1064 1212 1136 cujus
1228 1066 1318 1122 vitam
1337 1069 1418 1123 Plu-

366 1165 476 1222 tarchus
490 1171 587 1236 postea
604 1160 742 1229 exaravit,
756 1170 787 1214 ut
802 1177 865 1214 eum
881 1175 944 1212 cum
959 1157 1081 1211 Romulo
1097 1167 1281 1229 compararet
1298 1158 1417 1214 Omisit

368 1256 442 1311 viros
457 1255 608 1327 sapientes,
622 1252 807 1324 legislatores,
824 1251 969 1321 clarosque
986 1258 1124 1316 oratores,
1138 1249 1232 1320 quales
1241 1252 1413 1325 Lycurgus,

369 1347 454 1402 Solon
469 1355 497 1400 et
512 1343 728 1409 Demosthenes,
748 1359 866 1415 quornm
882 1340 1047 1396 memoriam
1062 1337 1138 1394 idem
1152 1341 1315 1396 Plutarchus
1329 1344 1415 1398 cele-

367 1437 468 1492 bravit.
491 1437 548 1492 Sed
567 1436 660 1492 omisit
678 1434 762 1490 etiam
784 1434 935 1489 nonnullos
954 1431 1029 1486 viros
1050 1432 1211 1504 praeclaros,
1231 1432 1280 1506 qui
1298 1435 1412 1491 merito

368 1527 580 1600 imperatoribus
595 1526 690 1600 graecis
705 1523 907 1580 annumerandi
923 1523 1046 1579 fuissent.
1064 1523 1146 1579 Tales
1162 1533 1225 1578 sunt
1241 1523 1316 1580 inter
1330 1527 1412 1581 anti-

369 1619 479 1692 quiores
492 1619 612 1673 Pen'eles
625 1629 654 1672 et
665 1615 781 1684 Nicias,-
793 1615 865 1672 inter
876 1615 1059 1684 recentiores,
1072 1613 1120 1688 qui
1132 1625 1197 1688 post
1210 1617 1412 1673 Alexandrum

369 1709 503 1766 celebrati
518 1719 595 1778 sunt,
614 1712 721 1764 Aratus
738 1718 766 1762 et
786 1707 991 1780 Philopoemeu,
1007 1707 1080 1780 Agis
1093 1716 1120 1762 et
1135 1707 1309 1774 Cleomenes,
1330 1721 1410 1781 quos

370 1819 466 1858 omnes
480 1802 626 1876 descripsit
642 1801 815 1869 Plutarchus;
828 1810 858 1854 ut
870 1811 976 1855 taceam
990 1799 1196 1854 Aristodemum
1208 1810 1236 1855 et
1250 1801 1410 1858 Art'stome

369 1911 432 1948 nem
443 1894 659 1962 Messeniorum,
668 1893 821 1948 mondum
830 1901 858 1946 et
866 1891 1020 1946 Brastiiam
1028 1891 1317 1962 Lacedaemoniorum,
1327 1896 1410 1949 Par·-

369 1987 523 2042 menionem
537 1986 738 2054 Macedonum,
755 1983 924 2040 fortissimos.
933 1984 1029 2053 duces,
1046 1984 1095 2057 qui
1112 1984 1210 2039 itidem
1223 2003 1239 2040 a
1254 1987 1409 2042 Plutarcho

370 2078 416 2135 vel
429 2079 523 2154 omissi
539 2080 585 2133 vel
602 2077 686 2133 nobis
698 2095 758 2132 non
770 2075 860 2132 relicti
877 2086 948 2132 sunt.
964 2075 1036 2130 Mihi
1049 2075 1161 2149 quidem
1174 2095 1233 2131 non
1250 2079 1409 2150 culpandus

320 2191 324 2204 ·
370 2170 482 2226 videtur
499 2171 608 2243 Nepos,
621 2169 699 2242 quod
711 2169 769 2224 haec
784 2169 900 2224 nomina
915 2168 1087 2242 praeterierit.
1104 2168 1209 2224 Pendet
1223 2169 1298 2225 enim
1310 2187 1348 2226 ex
1360 2190 1409 2226 ar-

371 2262 458 2318 bitrio
471 2261 592 2317 auctoris
609 2260 772 2335 biographi,
790 2279 859 2334 quos
879 2259 1053 2333 potissimum
1074 2259 1150 2315 viros
1168 2260 1305 2316 illustrare
1320 2262 1406 2333 velit3

371 2365 399 2410 et
413 2354 514 2426 majori
527 2353 608 2408 laudi.
618 2353 703 2421 duco,
720 2351 931 2426 pretermittere
944 2370 1041 2407 eorum
1057 2352 1141 2422 vitas,
1154 2371 1272 2425 qnorum
1284 2371 1328 2408 res
1343 2371 1406 2428 ges·

370 2457 411 2502 tas
426 2457 454 2502 et
473 2446 588 2500 virtutes
601 2464 661 2500 non
674 2445 764 2518 probe
776 2445 911 2500 habemus
929 2444 1068 2517 cognitas,
1083 2463 1166 2518 quam
1182 2446 1270 2500 levius
1286 2457 1405 2503 tractare

370 2557 414 2595 res
433 2537 616 2612 gravissimas.
633 2537 702 2590 Eam
715 2536 804 2592 credo.
815 2535 947 2590 Cornelio
961 2553 1070 2590 causam
1087 2536 1184 2606 fuisse,
1200 2555 1250 2593 cm
1267 2557 1403 2612 quorum-

371 2630 435 2684 dam
449 2647 484 2684 ex
495 2628 529 2682 iis
547 2629 634 2684 vitam
651 2627 788 2701 attingere
804 2627 939 2696 uoluerit;
952 2627 1035 2684 aliam
1050 2647 1132 2698 vero,
1146 2630 1223 2702 quod
1236 2630 1273 2686 ad
1287 2641 1404 2704 mutuor.

371 2718 434 2773 illos
448 2718 561 2786 attinet,
575 2718 624 2790 qui
641 2718 731 2772 ultimi
748 2719 822 2772 inter
838 2717 922 2774 duces
941 2721 1100 2775 Graecorum
1117 2722 1264 2790 habentur,
1277 2727 1400 2791 Aratum,

369 2808 593 2882 Philopoemena,
607 2808 682 2882 Agin
700 2819 728 2863 et
740 2810 927 2866 Cleomenem.
942 2811 987 2864 llli
1000 2811 1119 2866 enimin
1137 2831 1169 2868 eo
1185 2811 1314 2868 incidunt
1327 2825 1399 2868 tem-

371 2920 455 2975 pora,
473 2900 575 2974 quibus
587 2902 724 2971 Romani,
741 2903 915 2975 potentiores
928 2902 1006 2972 facti,
1026 2906 1135 2960 Graecas
1152 2923 1286 2978 resteque
1299 2924 1330 2961 ae
1342 2923 1400 2960 suas

370 3012 453 3049 nosse
470 3004 623 3066 coeperunt.
1050 3043 1052 3048 ,

409 3087 551 3141 Habemus
564 3106 580 3140 a
594 3086 726 3144 Cornelio
740 3087 810 3142 vitas
822 3079 951 3141 undecim
967 3087 1187 3157 Atheniensium,
1198 3088 1283 3144 trium
1295 3087 1400 3162 sparta-

371 3197 486 3248 norum,
499 3179 619 3234 duorum
633 3178 845 3244 Thebanorum,
864 3197 878 3232 e
895 3173 1030 3234 Corintho
1042 3197 1111 3235 vero
1125 3191 1152 3235 et
1167 3181 1321 3254 Syracusis,
1334 3189 1363 3235 ut
1374 3192 1400 3236 et

372 3287 407 3324 ex
424 3269 576 3340 Alemdri
592 3270 722 3339 ducibus,
739 3290 797 3326 non
810 3270 864 3324 nisi
882 3270 1062 3344 singulorum.
1078 3272 1129 3326 His
1146 3274 1340 3329 novemdecim
1351 3273 1400 3329 im·

371 3362 546 3433 peratoribus
559 3363 652 3436 graecis
667 3353 811 3417 admiscuit
822 3380 908 3416 unum
922 3381 937 3418 e
950 3363 1065 3419 Persicis
1076 3373 1104 3418 et
1117 3382 1132 3418 e
1144 3365 1398 3438 Carthaginensibus

373 3451 457 3519 duos3
470 3450 543 3524 ipse,
557 3453 655 3521 credo,
669 3453 760 3525 probe
773 3471 931 3527 persuasus,
945 3472 989 3509 eas
1002 3465 1110 3528 gentes,
1124 3474 1192 3527 quas
1205 3457 1295 3511 Graeci
1307 3467 1334 3512 et
1346 3460 1398 3512 llo-

371 3542 448 3596 mani
468 3542 663 3608 communiter,
682 3545 731 3599 sed
749 3563 850 3618 magna
866 3545 993 3619 profecto
1013 3545 1129 3616 injuria,
1146 3547 1279 3606 barbaras
1296 3550 1396 3606 vouta-

372 3635 455 3702 bant,
471 3653 531 3691 non
549 3634 633 3690 finisse
653 3655 667 3689 a
689 3636 796 3691 virtutis
814 3648 842 3691 et
860 3637 1016 3711 prudentie
1032 3639 1114 3694 laude
1133 3639 1250 3711 alienas,
1271 3653 1299 3698 et
1317 3641 1399 3697 nobili

371 3738 514 3799 permotus
528 3727 662 3796 consilio,
675 3738 705 3782 ut
724 3727 798 3783 cives
812 3747 889 3799 suos,
903 3730 952 3802 qui
969 3729 1079 3785 fortuna
1098 3733 1163 3788 elati
1175 3733 1295 3808 reliquas
1312 3743 1396 3809 gentes

373 3835 474 3875 omnes·
487 3831 667 3875 contemnere
681 3821 823 3890 solebant,
841 3821 957 3882 meliora
975 3822 1113 3879 edoceret.
