3168 5048
240 730 692 862 connum
737 733 1136 863 nunonis
1241 705 1242 710 Ὗ

479 1084 916 1225 nnucunum¹

175 1405 317 1453 INCERTA
333 1405 457 1454 PARTIM
475 1405 544 1466 Quo
562 1406 656 1454 LIBRO
674 1407 806 1465 Posmt,
818 1407 940 1456 PARTIM
960 1408 1076 1469 Qumtts
1095 1409 1203 1457 VERBIS

606 1501 780 1550 coneum.

619 1837 767 1854 -..Φ-

176 2146 235 2214 vl.
262 2091 402 2228 Nenos
416 2157 549 2212 auctore
566 2157 655 2212 certo
671 2145 866 2238 comperisse
883 2169 917 2213 se
934 2147 996 2228 ait,
1013 2147 1050 2214 C.
1067 2140 1209 2212 Laelium-

177 2261 345 2355 quondam
366 2263 400 2329 in
420 2261 603 2331 Puteolano
623 2261 751 2332 kalend.
775 2264 917 2352 martiis,
941 2262 1144 2331 admonitum
1164 2262 1205 2329 ab

178 2405 302 2465 uxore,
316 2383 493 2475 temperius
509 2396 547 2450 ut
566 2383 798 2471 discumberet,
817 2385 946 2477 petiisse
964 2384 1006 2452 ab
1024 2408 1079 2471 ea,
1096 2406 1139 2450 ne
1158 2383 1207 2450 in·

178 2498 419 2596 terpclloretur3
432 2502 533 2569 scrius
544 2501 676 2586 tandem
690 2503 872 2596 ingressum
884 2502 1061 2572 triclinium
1078 2502 1206 2590 dixisse,
1270 2575 1273 2582 Δ

177 2643 246 2687 non
263 2644 348 2712 saepe
362 2620 396 2686 in
413 2619 585 2688 scribendo
603 2622 912 2714 magis-successisse
928 2621 1007 2707 sibi3
1024 2619 1142 2689 deinde
1155 2645 1208 2689 ro·

163 2754 307 2834 gotum,
322 2754 359 2807 ut
374 2740 496 2833 scripta
509 2738 565 2808 illa
579 2740 754 2834 proferret,
768 2727 997 2834 pronuntiasse
1008 2765 1137 2828 versus,
1150 2740 1208 2833 qui

179 2875 256 2927 sunt
279 2861 313 2927 in
328 2851 701 2952 Ἑαυτοντιμωρουμὲνῳι
720 2861 811 2932 Satis
821 2861 886 2956 pol
892 2873 1045 2956 proterve
1064 2884 1116 2930 me
1132 2859 1212 2956 Syn‘

174 2979 341 3076 promisso
357 2981 422 3051 buo
435 2979 649 3050 induxerunt.
664 2983 820 3049 Donatus
824 3033 836 3068 ,
851 2981 885 3048 in
904 2980 987 3050 Vita
1007 2981 1160 3049 Terentii.

226 3100 264 3168 L.
285 3098 444 3170 Otacilius
460 3099 596 3187 Pilitus,
620 3099 815 3168 rhetoricam
835 3098 1017 3192 professus,
1035 3102 1095 3196 Cn.
1114 3102 1210 3167 Pom-

179 3218 291 3316 peium
306 3221 468 3312 Magnum
482 3217 610 3305 docuit,
627 3218 728 3312 patris
742 3217 811 3310 ejus
822 3241 873 3285 res
889 3232 1007 3310 gestas,
1025 3242 1086 3286 nec
1102 3218 1210 3284 minus

180 3337 307 3431 ipsius,
320 3336 544 3431 compluribus
558 3335 649 3405 libris
666 3325 815 3431 exposuit
835 3361 843 3404 :
860 3338 986 3430 primus
1004 3338 1152 3404 omnium
1169 3334 1210 3402 li·

180 3457 402 3546 bertinorum,
424 3469 461 3525 ut
478 3451 650 3527 Cornelius
672 3459 784 3551 Nepos
802 3457 969 3549 opinatur,
989 3455 1128 3523 scribere
1146 3455 1212 3523 bis-

180 3577 299 3644 toriam
313 3601 425 3664 orsus,
442 3602 510 3646 non
527 3577 589 3645 nisi
603 3577 644 3644 ab
661 3557 887 3645 honestissimo
903 3598 1034 3668 quoque
1048 3573 1144 3642 scribi
1162 3598 1214 3642 so-

182 3696 284 3765 litam.
301 3700 434 3768 Sueton.
455 3697 498 3767 de
516 3698 603 3770 Clar.
622 3698 703 3767 rhet.
721 3724 749 3766 c.
767 3721 817 3766 111.

229 3817 402 3888 Cornelius
419 3819 530 3912 Nepos
550 3819 584 3887 in
603 3815 731 3907 libello,
748 3843 815 3912 quo
839 3816 1009 3910 distinguit
1032 3812 1212 3883 litteratum

182 3940 223 4007 ab
247 3939 394 4026 erudito,
416 3937 577 4007 litteratos
600 3936 701 4034 vulgo
727 3936 860 4031 quidem
885 3933 1043 4029 appellari
1071 3932 1116 4000 ait
1137 3956 1212 4016 eos,

183 4060 239 4151 qui
262 4057 386 4152 aliquid
409 4057 581 4152 diligenter
607 4073 640 4127 et
659 4072 755 4126 acute
780 4057 981 4146 scienterque
1004 4051 1130 4145 possint
1156 4065 1212 4120 aut
