3114 5032
318 479 374 540 *ii
580 469 633 524 An
656 466 878 525 CORNELIUM
901 459 1079 522 NEPOTEM

356 589 420 643 Cur.
446 587 500 643 III.
521 585 638 642 Dareus.
660 584 807 660 Hystaspis
825 581 914 652 iilius,
935 582 1000 658 qni,
1025 579 1178 638 secundum
1195 579 1356 649 Herodot,

316 697 357 748 tv,
378 697 405 747 r,
420 676 532 754 Scythis
551 679 657 736 belim
675 676 786 746 intulit,
804 675 883 749 qnod
901 675 956 750 ipsi
976 675 1008 729 in
1028 674 1154 731 Mediam
1171 673 1354 748 irrupissent.

361 771 425 844 Qua
449 771 548 846 copriu
573 771 738 826 naduceret.
762 770 837 825 Bene
858 786 930 841 qua,
959 785 1050 841 neque
1076 783 1143 821 sane
1165 765 1353 840 probaverim

316 861 396 936 quod
412 862 493 918 malit
509 862 641 918 Scbottus
659 879 730 936 quo,
750 860 908 933 referatque
921 859 958 914 ad
976 869 1102 932 pontem.

355 957 421 1014 cs».
444 956 494 1012 Ν.
510 953 631 1010 sardon
650 953 768 1022 Sardes,
785 951 882 1027 Lydiae
896 961 998 1025 caput3
1019 950 1106 1006 hodie
1131 951 1219 1017 Sard,
1241 951 1354 1017 Sards,

318 1048 418 1105 Sardo.
429 1075 472 1090 -
484 1045 634 1103 Euboeam.
648 1045 742 1100 Insula
755 1043 867 1100 Graeciae
886 1052 914 1098 et
929 1041 1127 1115 Archipelagi,
1140 1061 1155 1095 a
1170 1041 1277 1096 Boeotia
1294 1060 1357 1096 an-

317 1150 398 1214 gusto
419 1137 517 1211 Euripi
540 1137 613 1192 freto
631 1135 787 1210 dirempta3
811 1134 898 1192 hodie
917 1135 1042 1209 Egnpo,
1066 1152 1114 1189 seu
1132 1134 1219 1208 vulgo
1237 1134 1355 1208 Negre-

314 1243 394 1307 pone.
413 1261 455 1274 -
468 1231 620 1287 Eretriam,
637 1228 731 1284 Hodie
750 1228 829 1283 vicus
848 1226 879 1282 in
896 1227 1019 1300 Euripo,
1041 1226 1087 1282 cui
1104 1243 1210 1281 nomen
1229 1235 1270 1280 est
1289 1226 1356 1280 Ga-

317 1323 454 1391 oalinais,
475 1322 535 1378 sive
559 1323 678 1388 Tmcco,
698 1321 798 1378 Rocco.
815 1350 856 1362 -
874 1318 1056 1374 Marathona.
1074 1317 1152 1374 Urbs
1168 1316 1267 1373 Attice
1286 1336 1355 1391 quae

314 1435 410 1485 suum,
431 1415 478 1470 vel
496 1413 597 1482 hodie,
615 1430 720 1468 nomen
737 1412 849 1468 retinet.

355 1511 387 1563 Is
399 1507 479 1563 abest
491 1507 528 1560 ab
547 1506 663 1580 oppu'do
680 1505 715 1560 Id
731 1515 772 1560 est
790 1503 919 1560 Athenis.

356 1601 422 1655 css.
435 1600 468 1654 V.
486 1600 597 1655 Proetcr
609 1597 819 1652 Platoeensrium.
832 1598 953 1666 Plataeae,
970 1595 1039 1652 urbs
1055 1597 1277 1667 boeotiae3bodie
1293 1597 1354 1653 Co-

316 1693 379 1758 ela,
398 1688 477 1745 vicus
494 1689 640 1744 semirutus
659 1688 689 1744 in
709 1688 778 1762 ripis
798 1689 897 1762 Asopi.

356 1782 441 1836 Mille
453 1782 529 1835 mu‘sri
539 1780 667 1836 militum.
685 1781 848 1837 Herodotus
861 1780 926 1858 (vr,
945 1781 1015 1862 108)
1035 1783 1093 1838 duo
1110 1781 1199 1838 millia
1212 1792 1356 1842 numerat.

359 1873 424 1946 Qua
440 1891 543 1947 pugno
562 1873 634 1929 nihil
652 1874 747 1928 adhuc
764 1887 806 1930 est
821 1875 946 1930 nobilius.
959 1876 1034 1930 Male
1054 1876 1186 1932 Schottus
1204 1875 1354 1949 approba-

316 1965 367 2022 bat
387 1990 399 2016 s
416 1966 550 2039 quonium
568 1982 664 2042 pugna
681 1966 753 2022 nihil
771 1967 863 2024 adbuc
881 1977 922 2022 est
940 1967 1109 2038 volubilius,
1126 1953 1355 2040 »referebatque

317 2058 354 2116 ad
372 2059 524 2140 ancipitem
547 2060 647 2116 Martis
663 2060 761 2116 aleam.
782 2059 828 2115 Sic
846 2060 921 2115 enim
936 2060 1014 2134 apud
1034 2062 1170 2116 Nostrum
1182 2060 1214 2114 in
1234 2060 1352 2114 Pausa-

316 2153 367 2208 nia
383 2155 476 2228 legere
485 2163 567 2209 estse
582 2153 665 2225 hujus
681 2152 897 2208 illustrissimum
911 2162 953 2208 est
967 2153 1100 2228 proelium
1114 2151 1189 2226 apud
1203 2152 1347 2208 Platean

317 2247 360 2302 De
376 2229 525 2306 Persarum¹
542 2264 661 2302 numero
679 2247 732 2302 hac
750 2245 780 2300 in
801 2243 861 2300 acie
882 2263 1015 2300 eaesorum
1030 2245 1105 2301 inter
1122 2244 1271 2320 scriptores
1289 2263 1347 2300 nor

318 2337 461 2394 convenit.
478 2339 518 2394 Eu
540 2349 634 2395 autem
650 2338 702 2392 fuit
714 2336 862 2412 inscriptio
880 2337 911 2392 in
924 2337 1035 2411 porticu
1053 2337 1155 2394 Poecile
1168 2336 1276 2412 posita,
1289 2356 1351 2412 quar

317 2431 432 2506 quidem
444 2427 502 2486 fide
515 2430 604 2504 magis
617 2429 704 2504 digna
716 2429 846 2486 videatur
866 2449 874 2483 :

435 2624 544 2692 misus
557 2638 723 2707 προμάχοντις
736 2627 853 2693 Itnsutn.
862 2642 994 2708 Μαραθῶνι
1012 2683 1016 2690 ,
1042 2680 1044 2690 ,
1061 2651 1064 2658 ’

478 2717 594 2781 bursivas
609 2725 703 2785 Midou
722 2729 796 2782 tineos
810 2725 941 2800 pontiden.⁴

357 2919 421 2973 Cae.
447 2919 512 2973 VII.
533 2919 583 2973 Ex
602 2917 646 2972 tis
671 2918 776 2973 Parum
797 2919 927 2975 insulam.
953 2921 1055 2989 Paros,
1080 2917 1231 2994 Cycladum
1260 2917 1353 2974 insula

317 3007 454 3076 maxima,
469 3027 531 3082 quae
548 3026 629 3064 suum
644 3008 729 3063 etiam
741 3028 816 3066 nunc
829 3029 934 3068 nomen
949 3011 1059 3069 retinet.

357 3099 459 3173 anue
471 3099 506 3154 lis
507 3140 552 3160 .....
563 3100 707 3158 oeseimata
726 3114 774 3158 est.
792 3103 885 3159 Litem
899 3103 1050 3174 estimare,
1065 3114 1137 3160 teste
1153 3103 1275 3161 Asconio
1295 3105 1350 3159 Pe-

318 3189 423 3263 ‹Iiano²
440 3202 481 3249 est
498 3191 663 3266 pecuniam,
677 3193 713 3249 de
728 3213 782 3267 qua
799 3195 834 3251 lis
846 3195 915 3266 fuit,
924 3206 952 3251 et
964 3207 1083 3271 propter
1099 3215 1183 3272 quam
1199 3215 1262 3252 reus
1276 3213 1347 3250 con-

318 3283 467 3340 demnatus
495 3295 556 3358 est,
583 3285 613 3342 in
637 3305 774 3343 summam
799 3288 936 3362 redigere.
954 3290 1008 3345 Hic
1021 3291 1161 3363 impensas
1182 3289 1214 3344 in
1236 3288 1351 3350 naviuin

317 3376 503 3435 fabricatione
532 3388 647 3451 spectat.
676 3411 715 3422 -
747 3381 959 3456 Quinquaginta
992 3384 1114 3438 talentis.
1147 3380 1223 3439 AEris
1257 3380 1349 3436 nostri

318 3467 443 3542 285,537
460 3469 494 3526 fr.
825 3469 827 3476 '

357 3559 421 3615 Cia.
442 3563 521 3619 VIII
545 3564 617 3634 Quoe
630 3565 735 3638 paucis
751 3565 834 3619 annis
846 3577 913 3622 ante
924 3565 1034 3638 firemt.
1050 3571 1133 3624 Anno
1150 3567 1256 3625 scilicet
1272 3566 1351 3626 vice-

317 3650 390 3708 simo
410 3663 474 3710 ante
492 3671 616 3729 pugnam
629 3656 846 3712 Marathoniam.

666 3857 702 3902 IN
727 3855 1007 3908 THEMISTOCLIIM.

357 4014 421 4072 Car.
442 4019 465 4072 I.
480 4019 512 4072 Is
526 4033 642 4074 uxorem
661 4017 913 4076 Halicarnassiam.
928 4020 1055 4077 Turbant
1074 4022 1104 4078 in
1122 4036 1212 4082 matre
1230 4027 1349 4083 Themi-

318 4107 400 4166 toclis
418 4109 513 4180 MSS„
531 4109 581 4183 qui
596 4110 837 4167 Halicarnassiam
856 4113 1005 4186 abnegant.
1027 4118 1108 4173 MSS.
1128 4119 1239 4176 codices
1253 4125 1348 4177 Aean
