3114 5032
387 433 444 488 stt
844 429 868 484 N
874 431 964 486 01⁸AE

424 556 488 612 co.
503 557 540 612 11.
559 555 684 612 Cinnmo
696 557 821 610 aemulls.
835 555 918 611 Civili
931 557 1020 626 bello,
1031 573 1089 630 qno
1104 557 1193 612 Οὑυια
1207 559 1305 614 consul
1322 562 1434 634 expul-

386 668 431 706 tua
448 667 511 706 cum
523 648 616 704 Mario
631 647 728 716 rediit,
745 657 774 702 et
786 647 817 702 in
835 648 965 723 Syllanos
979 648 1074 704 saeviit.
1433 643 1444 656 “

431 742 580 798 Versumm
588 738 699 812 fucere.
718 739 781 794 Hoc
803 749 844 795 est
870 751 979 796 mutare
1004 739 1182 796 creditorem.
1204 743 1249 798 De
1269 742 1305 798 iis
1323 741 1436 798 dicitur

386 833 436 908 qui
452 844 579 889 mutuum
598 831 700 904 majori
723 831 832 888 ioeuore
854 843 966 888 sumimt
989 833 1027 889 ab
1043 851 1103 888 uno
1122 833 1276 903 creditore,
1295 843 1326 889 ut
1345 835 1435 890 alteri

387 927 565 984 satisfaciant.

426 1021 490 1074 far.
508 1019 560 1074 111.
584 1017 672 1074 Pilia.
697 1015 769 1072 Pilia
794 1027 836 1072 est
858 1035 932 1072 uxor
954 1016 1057 1086 Attici,
1080 1035 1166 1090 quam
1186 1018 1286 1092 Cicero
1304 1018 1434 1092 passim,

386 1110 511 1185 epistolis
530 1110 568 1166 ad
586 1109 723 1178 Atticum,
738 1109 847 1164 salutat.
866 1108 1004 1179 Quaedam
1026 1109 1165 1167 editiones
1185 1111 1302 1166 Pltidioe
1321 1129 1435 1186 perpe-

386 1221 448 1260 ram
460 1203 575 1259 habent.
1458 1227 1460 1232 ·

430 1296 502 1350 Urbe
513 1306 598 1351 natus
609 1307 657 1352 est
674 1297 718 1352 De
737 1296 808 1352 urbe
822 1313 940 1352 romana
952 1294 1085 1368 loquitur.

274 1469 277 1478 .
345 1379 353 1390 ’
427 1389 504 1444 Eam
520 1389 666 1444 ciuitatem
684 1389 810 1444 Athenas
827 1387 941 1444 scilicet.

428 1480 491 1538 Car.
515 1483 564 1537 Ν.
590 1482 689 1537 Grmce'
711 1482 879 1556 loquebatur.
904 1481 988 1538 Unde
1013 1482 1102 1536 Attici
1126 1497 1303 1554 cognomen,
1325 1480 1370 1536 uti
1385 1500 1436 1562 ¹ex

388 1573 532 1629 Ciceronis
545 1575 591 1628 De
604 1573 745 1630 Senectute
757 1573 832 1628 libro
845 1583 962 1647 apparet
976 1593 983 1628 :
998 1575 1118 1647 «Teque
1130 1591 1191 1629 non
1204 1590 1367 1646 cognomen
1382 1592 1435 1628 so-

387 1666 447 1721 lum
464 1665 580 1722 Athenis
602 1665 781 1741 deportasse,
799 1666 850 1722 sed
869 1665 1074 1722 humanitatem
1096 1675 1125 1722 et
1142 1665 1324 1740 prudentiam
1342 1665 1434 1721 intel-

388 1757 456 1832 ligo.
474 1780 486 1805 ι
1397 1755 1399 1762 ’

429 1849 585 1905 Sestertium
593 1850 721 1905 ducenta.
731 1848 836 1906 Confer
844 1850 980 1906 Me'moire
988 1851 1026 1906 de
1033 1851 1074 1905 M.
1085 1852 1222 1905 leuvam
1233 1851 1332 1904 surlet
1345 1867 1433 1904 mon-

388 1940 466 1996 not'es
483 1953 512 1996 et
527 1944 568 1996 les
586 1960 708 1998 mesures
719 1960 855 2018 grecques
869 1953 897 1998 et
910 1943 1059 1998 romabtes.

428 2035 551 2091 enm.
570 2036 750 2111 Dignitatem.
769 2036 879 2108 Nempe
897 2045 1062 2108 equestrem.

428 2127 456 2182 Ε
468 2127 620 2202 republica.
631 2127 693 2182 Hoc
706 2137 760 2196 est,
772 2145 826 2200 pro
840 2125 1004 2201 republica,
1016 2125 1054 2182 ad
1066 2125 1248 2182 commodum
1256 2125 1430 2200 reipublice.

427 2221 477 2274 Ad
491 2219 611 2274 hastam
628 2218 773 2276 ductionis
786 2219 907 2292 publicae
920 2218 1047 2292 signum,
1058 2218 1112 2272 suh
1129 2236 1184 2291 qua
1199 2229 1266 2274 tunc
1286 2219 1429 2292 imprimis

386 2311 531 2388 publicata
554 2311 777 2385 proscriptorum
801 2312 879 2367 bona
899 2311 1044 2366 venibant.
1064 2310 1149 2366 Unde
1168 2322 1303 2380 sectores,
1325 2312 1375 2386 qui
1395 2331 1431 2368 ea

391 2404 524 2460 emebant
537 2405 590 2459 sub
602 2405 695 2474 hasta,
708 2405 890 2462 vendantur.
912 2405 983 2460 Vide
997 2407 1107 2474 Ticer,
1124 2405 1193 2459 llist.

428 2499 466 2552 In
476 2495 564 2566 jus...
582 2512 725 2571 utinquam
748 2499 797 2564 iit,
804 2495 945 2567 judicium
963 2500 1070 2552 nullum
1082 2497 1187 2552 habuit.
1206 2497 1242 2552 Id
1262 2507 1321 2566 cst,
1338 2515 1430 2570 neque

388 2587 420 2644 in
432 2587 479 2662 jus
498 2589 547 2657 iit,
564 2609 656 2663 neque
675 2588 736 2664 ipse
752 2590 822 2646 alios
836 2589 956 2645 vocavit.

427 2681 492 2738 eo.
508 2682 571 2736 VII.
592 2682 695 2736 AEtatii
705 2682 865 2738 voemione.
882 2682 988 2750 idest,
1002 2679 1213 2754 sexagenarius,
1230 2681 1318 2738 aetatis
1331 2680 1431 2738 habuit

389 2775 610 2842 excusationem,
630 2793 666 2830 ne
690 2793 720 2828 se
741 2774 868 2848 partibus
892 2772 1029 2828 misceret.
1049 2797 1061 2824 s
1080 2775 1141 2828 Lex
1158 2791 1175 2828 a
1195 2773 1430 2847 quinquagesimo

336 2905 345 2926 .
389 2884 466 2922 anno
483 2867 602 2922 militem
615 2885 675 2920 non
689 2866 780 2938 cogit,
795 2884 812 2921 a
824 2865 997 2939 sexagesimo
1011 2875 1169 2921 senatorem
1182 2883 1243 2920 non
1257 2861 1333 2920 citat.
1350 2888 1364 2915 »
1378 2866 1430 2922 Se—

390 2975 471 3024 neca,
485 2959 523 3012 de
539 2957 678 3010 Brevitate
692 2957 760 3012 uitoe
767 2995 777 3022 ,
794 2975 841 3011 xx.

428 3048 492 3103 Car.
502 3050 580 3105 VIII.
598 3047 1048 3123 Consensionitglobua.1tahunc
1063 3046 1299 3103 consentientium
1308 3049 1428 3121 globum

389 3139 436 3198 rel
453 3150 556 3196 etatum
574 3157 647 3222 uuus
666 3139 832 3196 dissentiens
848 3139 1025 3195 distinbavit.

429 3235 645 3292 Provinciamm.
655 3233 765 3288 Referri
774 3233 859 3288 debet
867 3232 904 3288 ad
914 3231 1001 3286 verba
1009 3231 1169 3304 sequentia,
1179 3233 1427 3305 deprema'srebus.

430 3327 515 3382 Necis
527 3343 623 3380 causa.
638 3325 693 3381 Alii
706 3326 802 3398 legunt
817 3325 887 3380 dicis
904 3341 1006 3391 causa,
1024 3323 1123 3397 gallice
1129 3355 1143 3392 ,·
1147 3327 1206 3396 par
1215 3323 1341 3379 mam'cim
1352 3325 1429 3380 d'uc-
1452 3371 1455 3380 .

388 3419 449 3492 quit
453 3458 463 3486 ,
468 3437 548 3492 pour
555 3421 586 3472 lu
588 3415 686 3490 fhnne
690 3456 700 3483 ,
715 3435 775 3490 quae
791 3416 874 3472 lectio
888 3426 930 3471 est
944 3415 1104 3488 conjectura
1110 3415 1227 3487 Cujacii,
1239 3427 1267 3470 et
1279 3416 1351 3470 mihi
1360 3435 1429 3490 prte-

388 3509 505 3568 iercnda
523 3509 644 3566 videtur.
666 3511 764 3566 Brutus
782 3507 857 3564 enim
879 3519 907 3564 et
926 3509 1049 3574 Cassius,
1069 3525 1120 3582 per
1138 3509 1260 3581 speciem
1279 3519 1307 3564 et
1323 3527 1429 3564 nomen

389 3602 614 3676 provinciarum,
632 3603 724 3658 Roma
736 3601 838 3656 remoti
850 3599 972 3669 dietant,
991 3611 1019 3656 et
1035 3601 1111 3654 velut
1126 3600 1221 3655 exules
1238 3600 1312 3656 faeti.

427 3693 491 3748 Car.
513 3694 563 3748 IX.
588 3693 868 3749 commendationem
893 3693 1028 3762 Quaedam
1052 3690 1191 3747 editiones
1208 3695 1429 3750 commoditatem

389 3786 504 3842 habent.
523 3786 679 3859 Utrrunque
696 3795 790 3858 potest
805 3785 905 3858 excipi.

432 3881 587 3936 Volumnio.
604 3881 630 3936 Is
646 3877 720 3933 inter
735 3876 852 3934 Antonii
868 3875 1095 3934 familiarissimos
1118 3885 1194 3947 erat,
1211 3876 1261 3952 qui
1279 3887 1308 3933 et
1326 3879 1429 3934 Eutra-

390 3973 468 4045 pelus
490 3971 647 4040 dicebatur,
667 3968 812 4043 praefectus
837 3970 961 4041 hhnuu,
978 3970 1014 4026 de
1037 3986 1095 4044 quo
1120 3967 1236 4041 Cicero,
1258 3969 1347 4044 Epist
1378 3970 1431 4042 26,

390 4064 498 4120 lib.1x.
515 4063 659 4119 Couarrrt.
1097 4075 1098 4082 ’
1129 4083 1133 4088 ·
