3168 5048
611 501 793 558 EUMENES.
1162 501 1215 558 103

192 625 276 693 feeit.
292 625 379 696 Nam
396 623 518 692 invidia
535 624 672 713 ducum,
689 651 765 694 eum
781 625 901 718 quibus
917 639 1002 712 erat,
1019 625 1219 719 perfidiaque

194 741 335 811 militum
352 742 571 812 Macedonum
591 758 837 832 veteranorum,
853 768 957 836 quum
972 746 1121 838 superior
1136 769 1221 838 pros·

195 859 240 928 lio
258 859 469 947 discessisset,
484 862 651 954 Antigono
667 877 716 932 est
732 861 875 948 deditus,
895 887 997 954 quum
1016 864 1175 932 exercitus
1191 862 1221 932 ei

195 992 246 1046 ter
257 992 347 1064 ante,
361 980 517 1074 separatis
533 979 751 1074 temporibus,
765 979 921 1072 jurasset,
938 1004 973 1048 se
985 1001 1062 1050 eum
1074 977 1223 1048 defensu-

194 1121 288 1184 rum,
308 1121 370 1164 nec
386 1121 533 1188 unquam
550 1095 765 1166 deserturum.
785 1096 849 1168 sed
864 1111 956 1166 tanta
971 1096 1033 1166 fuit
1049 1095 1224 1168 nonnullo-

81 1254 84 1258 ·
194 1239 270 1282 rum
283 1214 413 1282 virtutis
425 1215 634 1302 obtrectatio,
649 1229 686 1282 ut
697 1214 794 1284 fidem
807 1216 960 1310 amittere
965 1213 1114 1302 mallent,
1125 1237 1223 1307 quam

193 1357 270 1400 eum
285 1356 352 1400 non
363 1333 512 1425 prodere.
525 1336 632 1424 Atque
645 1331 735 1402 hunc
744 1334 945 1426 Antigonus,
956 1357 1060 1426 quum
1070 1333 1100 1401 ei
1114 1331 1226 1402 finisset

194 1449 437 1538 infestissimus,
463 1465 707 1538 conservasset,
733 1452 759 1519 si
785 1476 844 1546 per
866 1476 942 1520 suos
970 1465 1053 1520 esset
1080 1450 1226 1536 licitum;

196 1567 287 1661 quod
304 1568 347 1637 ab
364 1566 457 1637 nullo
477 1592 510 1636 se
531 1567 606 1664 plus
626 1546 774 1662 adjuvari
794 1595 889 1664 posse
906 1568 1106 1662 intelligebat
1122 1570 1156 1636 in
1174 1569 1225 1636 his

196 1687 310 1774 rebus,
331 1711 412 1780 quas
432 1687 620 1782 impendere
640 1688 709 1782 jam
729 1689 906 1782 apparebat
927 1689 1091 1757 omnibus.
1115 1687 1228 1770 immi·

196 1805 319 1872 nebant
338 1806 426 1884 enim
446 1804 615 1893 Seleucus,
634 1807 862 1899 Lysimachus,
883 1805 1099 1893 Ptolemaeus,
1110 1804 1228 1898 opibus

194 1923 274 2015 jam¹
287 1922 444 2010 valentes,
466 1949 542 1993 cum
566 1927 686 2017 quibus
706 1926 736 1993 ei
757 1925 797 1993 de
816 1926 950 1993 summis
971 1925 1069 2014 rebus
1089 1939 1159 1994 erat
1181 1923 1229 1992 di·

197 2041 397 2110 micandum.
416 2041 480 2110 Sed
497 2068 564 2111 non
578 2045 664 2138 passi
682 2058 759 2113 sunt
773 2043 823 2131 hi,
841 2045 898 2136 qui
911 2043 998 2111 'circa
1014 2058 1122 2130 erant,
1139 2041 1229 2135 quod

197 2159 367 2248 uidebant,
390 2165 537 2229 Eumene
557 2176 705 2255 recepto,
726 2187 838 2230 omnes
856 2187 923 2256 prae
943 2158 1001 2229 illo
1023 2162 1117 2254 parvi
1137 2161 1229 2230 futu·

198 2303 262 2347 ros.
281 2283 357 2371 Ipse
377 2293 487 2347 autem
507 2281 690 2372 Antigonus
710 2279 794 2348 adeo
811 2295 882 2354 erat
898 2282 1064 2366 incensus,
1088 2294 1141 2367 ut,
1167 2281 1230 2348 nisi

199 2423 320 2492 magna
339 2423 396 2494 spe
416 2400 632 2466 maximarum
649 2425 776 2487 rerum,
793 2398 887 2468 leniri
903 2424 971 2468 non
990 2412 1109 2492 posset.

246 2521 307 2586 XI.
332 2520 462 2610 Itaque,
480 2543 584 2611 quum
597 2543 674 2586 eum
690 2520 724 2588 in
742 2518 923 2586 custodiam
938 2517 1092 2604 dedisset,
1106 2529 1138 2583 et
1153 2539 1232 2609 prae·

198 2637 302 2706 fectus
325 2635 500 2704 custodum
522 2638 702 2730 quaesisset,
727 2635 1003 2730 quemadmodum
1022 2635 1152 2720 servari
1165 2632 1231 2702 vel·

199 2755 269 2846 let?¹
291 2769 331 2823 ut
356 2756 569 2843 acerrimum,
595 2755 716 2849 inquit,
744 2754 888 2843 leonem,
913 2769 971 2824 aut
989 2754 1230 2823 ‘ferocissimum

199 2871 420 2968 elephantum.
438 2874 596 2943 Nondum
613 2875 701 2942 enim
718 2888 891 2960 statuerat,
906 2888 1047 2941 servaret
1063 2897 1154 2959 eum,
1172 2896 1232 2939 nee

200 3016 251 3061 ne.
273 2992 435 3062 Veniebat
457 3007 567 3062 autem
588 2991 630 3060 ad
651 2996 832 3062 Eumenem
853 3007 1030 3084 utrumque
1050 3015 1153 3084 genus
1173 2989 1233 3058 ho·

200 3113 346 3201 minum;
371 3127 404 3182 et
426 3113 483 3205 qui
505 3127 641 3206 propter
661 3110 774 3180 odium
800 3110 944 3179 fructum
970 3109 1072 3178 oculis
1098 3135 1137 3178 ex
1162 3108 1232 3201 ejus

200 3256 277 3301 casu
299 3257 415 3326 capere
436 3228 571 3319 vellent3
595 3245 628 3299 et
651 3230 708 3322 qui
731 3240 869 3324 propter
890 3243 1032 3296 veterem
1057 3229 1232 3296 amicitiam

201 3347 361 3443 colloqui,
384 3349 610 3442 consolarique
631 3362 814 3442 cuperent:
833 3344 928 3414 multi
950 3348 1064 3432 etiam,
1085 3347 1143 3437 qui
1163 3345 1232 3436 ejus

200 3467 342 3540 formam
364 3493 559 3562 cognoscere
579 3468 768 3552 studebant,
789 3464 893 3560 qualis
915 3479 1013 3552 esset,
1034 3489 1131 3556 quem
1152 3477 1233 3530 tam-

201 3587 260 3656 diu
282 3603 414 3681 tamque
430 3585 523 3655 valde
547 3588 746 3674 timuissent,
764 3585 858 3677 cujus
880 3585 914 3652 in
931 3583 1074 3678 pernicie
1093 3583 1234 3676 positam

203 3691 294 3802 spem
310 3705 500 3774 habuissent
515 3705 668 3773 victorine.
686 3709 729 3776 At
742 3709 921 3790 Eumenes,
939 3727 1041 3796 quum
1060 3701 1182 3770 diutius
1199 3701 1233 3768 in

207 3811 342 3894 uinculis
359 3839 459 3910 esset,
478 3826 524 3892 ait
542 3825 773 3911 Onomarcho,
792 3847 890 3916 penes
910 3847 1008 3916 quern
1030 3837 1157 3889 summa
1176 3819 1235 3886 im-

204 3945 285 4038 perii
304 3957 374 4012 erat
394 3943 564 4030 custodia,
586 3968 620 4011 se
641 3944 768 4032 mirari,
790 3967 890 4034 quare
905 3942 974 4036 jam
994 3940 1129 4008 tertium
1150 3937 1234 4004 diem

209 4065 250 4132 sic
267 4079 449 4151 teneretur;
467 4088 534 4132 non
552 4065 638 4131 enim
654 4062 718 4130 hoe
733 4061 907 4130 convenire
923 4058 1080 4151 Antigoni
1096 4055 1238 4150 pruden-
