3114 5032
511 535 830 601 oesnnvnrlones.
870 509 872 516 '
1131 563 1183 618 ¹97

192 669 275 725 Tales
287 670 343 726 loci
358 680 422 725 sunt
437 690 444 724 :

190 761 325 816 Themist.
343 781 383 826 1v,
401 780 439 817 2:
457 760 533 833 cnjus
540 759 643 833 sama,
661 762 735 818 Edit.
754 765 784 816 P.
802 774 829 818 et
846 762 1023 834 B.flamma,
1041 763 1071 816 C.
1085 762 1138 816 Th.

190 855 309 931 Pausan.
325 871 370 922 1v,
389 871 402 908 1
418 872 426 906 :
441 853 555 908 uincula
570 853 695 927 epistolae
712 855 856 923 laceravit,
871 855 903 910 E.
919 855 950 908 B.
965 854 1085 920 mavit,
1104 855 1135 908 E.
1155 856 1186 908 P.

144 963 173 999 c.
188 945 243 1000 Th.
409 948 411 954 ’
526 1017 531 1029 .
846 935 849 942 ¹
1028 1001 1033 1008 ,

189 1036 282 1097 Alcib.
297 1055 336 1105 11,
357 1057 369 1092 1
387 1039 510 1092 :Graecae
524 1037 625 1110 linguae
644 1038 804 1111 eloquentia
821 1037 987 1093 ditissimum
991 1078 1001 1105 ,
1015 1033 1047 1094 E.
1057 1039 1087 1093 B.
1102 1037 1189 1092 diser*-

145 1126 295 1197 rissimum,
314 1131 346 1186 E.
360 1133 394 1185 P.
411 1141 439 1186 et
451 1149 479 1185 c.
495 1131 548 1186 Tb.

189 1220 374 1292 Iphic.*11,=5
391 1242 398 1276 :
415 1222 619 1296 Epaminondae
637 1225 790 1281 retardavit
808 1225 945 1298 inceptus,
964 1225 996 1280 E.
1008 1225 1041 1280 B.
1058 1223 1188 1299 inpetus,

141 1317 182 1388 3E.
198 1316 229 1370 P.
244 1307 311 1370 ete.
325 1314 378 1370 Th.
554 1384 556 1388 Δ

125 1449 126 1454 ,
190 1407 327 1464 Concedo
355 1408 489 1465 lectiones
515 1427 583 1484 quas
600 1407 699 1464 Bosius
719 1406 825 1481 recepit
845 1425 928 1480 posse
942 1406 1070 1484 defendi,
1086 1405 1191 1462 muniri

148 1499 237 1555 etiam
249 1499 388 1555 'codicum
414 1501 600 1574 quorumdam
621 1499 798 1570 auctoritate3
817 1499 867 1554 sed
884 1499 969 1554 oredo
990 1519 1035 1554 eas
1058 1519 1127 1572 quas
1144 1509 1190 1554 te-

150 1611 238 1648 nuere
256 1593 344 1649 editio
365 1593 496 1670 princeps
518 1605 560 1664 et,
576 1604 675 1667 praeter
690 1592 774 1662 alios,
790 1591 881 1647 codex
899 1591 1079 1660 Thottianus,
1101 1590 1191 1664 magis
1292 1661 1295 1668 .

150 1703 212 1740 esse
226 1685 397 1757 probabiles.

159 1779 161 1783 '
190 1776 263 1830 Milt.
272 1796 299 1844 v,
314 1779 347 1846 3,
360 1776 475 1849 legitur,
487 1776 557 1832 utin
569 1775 694 1832 editione
706 1774 842 1845 Bosiana,
852 1774 891 1830 sic
905 1774 990 1831 etiam
999 1773 1034 1829 in
1046 1774 1090 1830 ed.
1100 1774 1190 1848 princ.

152 1877 182 1922 et
204 1868 302 1923 codice
319 1869 493 1924 Thuttianu:
512 1871 662 1941 «Namque
678 1867 792 1922 arbores
807 1865 901 1922 multis
916 1867 986 1946 loeis
999 1877 1079 1921 erant
1098 1886 1191 1934 raroe,

151 1959 219 2013 hoc.
232 1959 367 2029 consilio,
385 1971 416 2015 ut
441 1971 468 2016 et
489 1960 630 2015 montium
652 1969 813 2032 tegerentur
835 1956 996 2026 altitudine,
1016 1968 1044 2012 et
1059 1959 1192 2014 arborum

152 2061 243 2106 tractu
259 2051 397 2124 equitatus
410 2052 534 2132 hostium
546 2050 738 2124 impediretur.
750 2073 763 2098 a
775 2048 911 2104 Earndem
924 2049 1074 2104 lectionem
1087 2049 1193 2123 recepit

154 2153 181 2197 et
195 2143 267 2197 tueri
280 2143 392 2198 videtur
405 2144 568 2200 Lambinus.
582 2141 771 2214 Nihilominus
787 2159 850 2196 cum
864 2141 992 2196 Harlesio
1007 2151 1034 2196 et
1047 2141 1109 2196 aliis
1121 2160 1193 2214 prae-

152 2233 299 2290 ferendum
316 2236 401 2291 oredo
422 2254 481 2291 esse
504 2236 654 2308 {Arbores
674 2233 767 2288 multis
782 2233 851 2287 locis
873 2223 959 2288 erant
971 2244 1083 2299 stratae,
1109 2251 1192 2305 quam

153 2343 252 2380 vocem
268 2326 374 2398 expetit
389 2337 416 2382 et
432 2326 608 2400 ipse‘sensus,
617 2338 646 2381 et
659 2326 690 2381 id
700 2324 777 2398 quod
790 2323 914 2397 sequitm·
927 2343 934 2378 ε
949 2324 1090 2379 Arborum
1102 2333 1193 2379 tractu

154 2417 292 2489 equitatus
313 2418 436 2474 hostium
461 2418 652 2492 impediretur.
676 2420 779 2491 Aperte
800 2415 877 2470 enim
898 2414 1023 2488 loquitur
1036 2426 1134 2470 auctor
1157 2415 1193 2472 de

154 2508 287 2578 consilio,
311 2511 389 2582 quod
407 2521 449 2566 est
474 2511 504 2566 in
524 2530 556 2567 re
577 2510 693 2567 militari
711 2507 935 2577 usitatissimum,
948 2518 976 2562 et
995 2508 1073 2581 quod
1090 2507 1193 2580 nostris

154 2598 254 2656 dicitur
273 2601 408 2658 Verhack.

176 2694 281 2763 ‚Locm
301 2707 417 2752 vexatus
439 2696 468 2751 in
488 2696 546 2753 vita
564 2697 662 2766 Attici,
682 2713 746 2766 111,
767 2695 800 2765 3,
821 2705 852 2750 ut
870 2713 905 2751 ex
924 2693 1049 2750 editione
1071 2693 1192 2750 Bosiana

154 2784 265 2840 editur:
286 2789 383 2844 «Nam
399 2807 483 2863 quum
502 2791 533 2844 L.
548 2789 665 2858 Saufeii,
681 2787 781 2862 equitis
799 2786 924 2856 romani,
944 2785 1056 2859 aequalis
1072 2784 1129 2854 sui,
1145 2784 1193 2857 qui

154 2896 215 2932 cum
236 2897 271 2934 eo
289 2882 450 2954 complures
466 2900 570 2951 annos,
587 2880 681 2938 studio
695 2880 794 2937 ductus
812 2878 1012 2954 philosophiae,
1029 2877 1192 2945 habitabat,

154 2970 331 3044 habebatque
350 2972 381 3026 in
396 2974 478 3030 Italia
499 2974 637 3047 pretiosas
652 2971 857 3047 possessiones,
872 2994 885 3020 »
902 2969 1048 3044 explicitus
1065 2968 1193 3025 redditur

155 3061 275 3118 lectione
293 3065 482 3138 Lambiniana·
494 3086 501 3120 :
515 3065 571 3134 Qui
584 3066 742 3138 complures
759 3081 863 3133 annos,
878 3062 972 3118 studio
989 3062 1088 3117 ductus
1099 3060 1192 3135 philo-

156 3154 273 3227 sophiae,
285 3156 405 3211 Athenas
416 3157 572 3212 habitabat.
587 3155 751 3213 Notandum
764 3155 840 3210 enim
853 3165 909 3223 est,
922 3171 1006 3208 voces
1020 3172 1082 3207 cum
1098 3171 1131 3208 eo
1145 3161 1193 3208 aut

156 3265 186 3301 eo
199 3265 259 3301 non
273 3246 395 3303 inveniri
407 3248 439 3302 in
452 3248 596 3303 codicibus
611 3247 765 3321 primisque
778 3245 931 3318 impressis,
941 3245 990 3300 sed
999 3245 1120 3315 adjectas
1133 3262 1192 3300 esse

156 3357 171 3393 e
189 3339 364 3410 conjectura,
384 3350 415 3394 ut
436 3339 559 3412 aliquem
574 3357 685 3395 sensum
700 3338 873 3412 praeberent,
884 3338 972 3391 relata
986 3336 1023 3390 ad
1039 3334 1190 3390 habitabat.

156 3432 210 3486 Sed
225 3433 310 3505 longe
324 3431 427 3487 clarior
440 3442 481 3488 est
494 3451 604 3502 seusus,
614 3432 719 3488 omisso
733 3449 848 3496 cumeo,
864 3428 974 3500 adjecto
987 3427 1113 3483 Athenis.
1126 3428 1191 3482 Non

157 3523 207 3576 niti
220 3524 293 3578 hanc
306 3523 458 3579 lectionem
475 3524 630 3578 mutatione
644 3543 680 3578 ex
694 3521 813 3578 arbitrio
825 3519 957 3576 Lambini
972 3520 1059 3589 facta,
1072 3518 1122 3574 sed
1133 3517 1191 3575 fide

157 3614 260 3669 codicis
269 3615 390 3688 antiqui,
400 3615 496 3670 docuit
509 3617 525 3669 J
528 3657 534 3675 ,
545 3617 576 3670 F.
590 3615 779 3688 Heusingerus
792 3613 822 3668 in
835 3611 1045 3682 dissertatione,
1058 3631 1119 3685 quae
1132 3612 1192 3668 edi-

156 3706 225 3761 tioui
245 3707 429 3762 Fischerianae
452 3707 560 3779 adjecta
580 3717 630 3761 est.
647 3706 729 3780 Legit
751 3705 827 3761 enim
846 3705 885 3760 ita
899 3703 987 3760 editio
1005 3704 1189 3772 Conten'ezna,

156 3797 229 3870 cujus
244 3817 328 3872 supra
340 3795 514 3855 mentionem'
530 3792 594 3855 feci.

191 3891 271 3944 VIII.
295 3892 344 3946 Est
365 3891 435 3946 boni
457 3890 702 3960 commentatoris,
722 3892 872 3948 observare
890 3893 968 3946 locos
986 3899 1144 3958 auctorum,
1160 3886 1191 3943 in

157 3983 254 4058 quibus
274 3985 318 4039 usi
341 3995 405 4040 sunt
420 4003 490 4039 voce
513 3985 649 4058 quadam,
668 3983 873 4060 significatione
889 3981 1024 4057 peculiari
1039 3979 1191 4036 autminus

157 4078 243 4133 solita.
257 4080 329 4133 Tum
346 4077 422 4132 enim
436 4077 595 4133 eruditione
612 4096 662 4132 sua
677 4095 761 4148 opem
777 4076 850 4131 ferre
864 4075 949 4130 debet
961 4072 1073 4142 lectori,
1088 4091 1147 4128 non
1161 4082 1191 4127 ut

158 4167 215 4225 fieri
233 4173 304 4226 solet
320 4171 351 4226 in
368 4169 424 4225 illis
444 4169 526 4241 locis,
541 4188 611 4244 qnos
628 4179 723 4224 mente
740 4169 777 4224 ad
792 4187 853 4224 rem
868 4176 973 4224 attenta
992 4177 1020 4222 et
1033 4165 1191 4223 evolvendo
