3114 5032
348 502 403 560 236
418 577 421 582 Ι
628 587 631 596 1
799 506 915 562 NOTAE
1403 571 1406 578 ,

386 632 449 688 Cle.
466 629 515 687 lx.
528 629 691 706 Amphoms
705 633 862 705 complaces
873 635 995 706 complet
1001 633 1128 706 plumbo.
1148 634 1215 689 llnc
1230 635 1327 692 fabula
1346 655 1386 694 cx

346 722 448 780 crecta
463 721 554 779 adbuc
566 731 700 778 renovata
718 732 768 777 est.
784 723 867 796 Apud
883 724 1074 794 Herodotum,
1093 743 1151 793 ιιι,
1171 725 1241 794 123,
1257 729 1387 796 Orestes,

346 813 384 868 ad
403 813 556 870 fallendum
576 815 764 887 Polycratem,
782 823 848 871 octo
870 833 947 871 meas
966 813 1107 889 lapidibus
1128 816 1257 891 implevit
1277 830 1387 891 praeter

345 904 499 961 admodum
516 915 755 980 perrumpentem
773 904 847 962 circa
863 905 938 980 ipsas
954 924 1033 977 oras,
1050 906 1138 981 iisque
1151 907 1211 964 auri
1226 926 1288 964 non
1307 910 1386 965 nihil

345 995 533 1071 superinjecit.

384 1089 509 1163 Depomt
520 1087 549 1142 in
561 1089 664 1162 templo
680 1087 792 1143 Dianae.
807 1089 850 1143 Ita
862 1088 992 1144 solebant
1005 1097 1128 1157 veteres,
1140 1099 1258 1162 propter
1270 1089 1383 1146 sancti-

346 1191 430 1238 tatem
442 1179 499 1236 loci
514 1188 542 1234 et
557 1177 741 1234 securitatem.

383 1274 446 1328 Car.
463 1272 502 1327 X.
522 1270 572 1326 Aa
591 1268 730 1325 Panum.
753 1268 889 1343 Bithyniae
907 1287 1011 1343 regem
1026 1270 1070 1325 De
1085 1287 1142 1344 quo
1162 1272 1276 1326 consule
1293 1272 1383 1347 Poly-

345 1364 437 1432 bimu,
459 1360 583 1431 liviam,
602 1359 773 1435 Appianum,
791 1361 946 1429 lustinum,
967 1371 1019 1416 etc.
1035 1363 1133 1417 Exstat
1147 1359 1254 1436 effigies
1269 1362 1329 1435 ejus
1349 1364 1383 1419 in

347 1454 467 1512 nummis
481 1451 636 1521 veteribus,
651 1452 772 1526 itemque
791 1453 822 1507 in
834 1452 978 1508 nonnullis
992 1452 1109 1526 gemmis
1123 1453 1315 1508 annularibus.
1331 1455 1382 1509 Vi-

344 1549 382 1603 de
393 1545 533 1619 imprimis
545 1545 581 1600 D.
594 1545 738 1615 Mionnet,
750 1547 846 1600 Descr.
860 1545 911 1600 des
922 1545 994 1599 med.
1000 1583 1011 1612 ,
1026 1554 1095 1600 tom.
1104 1563 1142 1614 11,
1155 1562 1220 1618 pag.
1235 1543 1308 1614 5043
1323 1545 1383 1600 Ur-

319 1623 321 1632 *
344 1639 401 1695 sini
418 1637 556 1710 Imagines
574 1635 886 1709 illustrium3Patinum,
897 1635 928 1692 in
946 1636 1102 1703 Thesauro,
1119 1654 1143 1691 c.
1159 1655 1202 1706 11,
1219 1647 1248 1692 et
1265 1639 1311 1692 Jo.
1323 1637 1383 1692 Fa-

344 1730 442 1798 brum,
454 1746 533 1783 num.
554 1745 616 1783 rao.

383 1822 573 1896 Pergamenus
587 1839 641 1875 mx
653 1820 800 1876 Eumenes.
814 1817 898 1892 Cujus
916 1817 990 1875 iilius
1005 1818 1113 1876 Attalus
1127 1821 1266 1894 populum
1278 1839 1378 1876 roma-

345 1932 412 1968 num
427 1911 509 1986 regni
528 1911 570 1967 sui
587 1912 721 1968 heredem
737 1912 865 1968 instituit.
888 1912 958 1967 Vide
970 1915 1107 1984 Fnoaurr,
1121 1931 1165 1982 11,
1178 1930 1224 1968 ao.

382 2005 518 2060 Romanis
533 2004 721 2060 ambustione.
747 2005 830 2080 Hunc
853 2001 1037 2078 φιλορώμαιοι
1043 2045 1052 2076 ,
1070 2007 1099 2060 in
1127 2003 1233 2059 Catone
1254 2003 1379 2074 majore,

344 2115 404 2171 cup.
421 2114 494 2165 vm,
511 2096 672 2151 Plutarchus
691 2105 782 2151 vocat.
805 2120 817 2147 ι
836 2097 907 2152 Asiae
925 2115 976 2151 rex
995 2098 1149 2166 Eumenes,
1171 2095 1380 2151 amantissimus

229 2203 235 2214 “
344 2198 447 2244 nostrae
464 2187 558 2255 urbis,
573 2210 585 2236 a
602 2186 641 2241 ait
655 2187 716 2241 val.
730 2187 885 2256 Maximus,
901 2204 945 2256 ιι,
960 2207 985 2242 2.

384 2277 446 2334 cas.
466 2279 517 2334 Xl.
534 2277 603 2334 Cum
614 2278 744 2333 caduceo.
761 2277 850 2352 Signo
867 2278 1015 2351 legationis
1029 2278 1060 2333 in
1076 2296 1162 2351 prora
1177 2277 1256 2332 navis
1274 2275 1378 2333 defixo.

383 2372 448 2431 ,Can
464 2371 530 2426 XII.
547 2370 575 2422 V
572 2388 696 2425 cucuron.
709 2372 822 2426 Annulo
840 2369 991 2440 inclusum,
1003 2381 1035 2425 ut
1051 2371 1166 2444 quidam
1179 2370 1306 2426 fabulose
1324 2381 1381 2425 tra-

345 2463 423 2520 dunt.
442 2461 550 2530 Livius,
567 2479 676 2528 xxxrx,
692 2459 742 2531 51,
753 2462 846 2518 verius
861 2462 945 2518 dicit:
963 2464 1123 2518 «Pomdum
1138 2463 1274 2518 exhausit.
1290 2455 1307 2512 ι’
1328 2464 1378 2518 Ce-

342 2564 435 2612 terum
451 2553 532 2626 hujus
547 2553 578 2608 in
594 2553 692 2608 mortis
707 2570 809 2627 genere
822 2554 985 2627 'discrepant
1001 2565 1135 2610 auctores.
1223 2571 1231 2588 ·

383 2650 427 2704 De
442 2646 597 2716 Annibale,
613 2646 752 2719 precipue
769 2646 922 2720 Polybius,
939 2646 1096 2720 Appianus,
1113 2641 1225 2716 Livius,
1238 2646 1380 2716 Iustinum,

167 2733 168 2740 ¹
287 2801 289 2808 ,
345 2739 512 2812 Errtropius,
529 2748 595 2807 etc,
613 2748 641 2794 et
658 2738 735 2812 apud
752 2757 820 2808 nos,
836 2739 944 2806 llollm,
962 2740 1064 2795 Venot.
1082 2736 1196 2812 Effigies
1212 2739 1270 2810 ejus
1291 2749 1381 2795 exstat

345 2835 375 2889 in
390 2849 506 2887 nummo
522 2830 571 2903 qui
587 2847 673 2903 penes
688 2847 734 2886 me
751 2841 808 2899 est,
822 2829 861 2885 ait
876 2830 990 2900 Bosius,
1006 2849 1068 2884 cum
1080 2829 1265 2904 imeriptione
1283 2850 1291 2884 ι
1310 2835 1379 2887 ΑΝ-

345 2926 453 2981 Mean
471 2923 611 2978 ΠΟΙΝΟΣ
629 2917 769 3004 (dandal
779 2921 916 2999 Poenus);
931 2922 961 2976 in
978 2922 1094 2978 adversa
1111 2931 1191 2996 parte
1209 2922 1381 2995 conspicitur
1500 2921 1505 2932 '

345 3015 455 3088 Jupiter
476 3011 636 3068 seminudus
660 3011 773 3081 sedens,
795 3012 893 3068 dextra
914 3013 1034 3083 firlmen,
1051 3014 1163 3069 sinistra
1182 3024 1322 3087 soeptnuu
1336 3025 1379 3070 te-

345 3091 430 3176 nens,
446 3115 475 3168 et
489 3105 590 3160 ΔΟΞΔ
608 3100 676 3178 (pro
692 3101 810 3170 ΔΟΞΑ)
832 3104 920 3160 ΔΙΟΣ
940 3101 1047 3180 (gloria
1062 3101 1161 3182 Iovis).
1181 3105 1237 3161 Sed
1259 3103 1308 3160 vix
1329 3105 1381 3160 du-

345 3198 420 3266 bito,
429 3196 614 3253 recentiorem
624 3212 657 3250 ac
669 3196 875 3269 supposititium
888 3215 960 3266 esse3
976 3215 1008 3251 ac
1022 3196 1082 3252 vidi
1097 3197 1227 3252 eumdem
1235 3207 1333 3271 typum
1347 3197 1380 3252 in

346 3309 418 3346 aereo
435 3289 471 3345 Η.
492 3289 605 3357 Meieri,
628 3288 790 3344 ecclesiastae
816 3288 983 3362 Lipsiensis3
1003 3289 1053 3344 sed
1071 3287 1102 3343 in
1117 3290 1204 3344 altera
1220 3275 1300 3362 pa'rte
1319 3300 1380 3345 erat

347 3394 432 3457 caput
446 3381 601 3439 Aristotelis
613 3398 676 3436 cum
692 3380 736 3436 his
751 3380 856 3435 circum
871 3378 991 3436 litteris:
1006 3379 1289 3438 ΑΡΙΣΤΟΤΕΛΟΤΣ
1305 3375 1382 3437 ΤΟΥ

347 3473 576 3531 monstror.
602 3473 687 3528 Plane
712 3472 792 3546 quale
814 3470 902 3525 estin
918 3483 1051 3546 argenteo
1070 3491 1152 3542 meo,
1171 3473 1246 3546 cujus
1263 3473 1382 3530 adversa

347 3567 430 3622 farcies
444 3567 557 3622 exbibet
568 3575 697 3621 naturam
711 3562 967 3632 multimammiam,
979 3575 1095 3638 utraque
1109 3584 1194 3620 nmrru
1210 3565 1314 3620 fructus
1329 3583 1381 3639 ge·

348 3668 468 3728 rentem,
486 3675 549 3713 oum
566 3655 750 3730 inscriptione
766 3655 876 3710 ΦΥΣῙΣ
899 3657 1113 3713 ΠΑΝΑΙΟΛΟΣ
1133 3653 1253 3731 (natura
1268 3659 1381 3713 οιηιιῠιο
1404 3723 1408 3736 Ι

348 3747 455 3826 nano),
472 3747 602 3804 Habebat
616 3746 692 3801 idem
704 3746 825 3802 Meierus
842 3758 870 3803 et
887 3759 1062 3821 argenteum,
1075 3749 1106 3804 in
1121 3768 1178 3822 quo
1192 3759 1275 3822 caput
1286 3749 1380 3804 Armi-

350 3838 420 3896 balis
444 3859 506 3896 cum
530 3839 583 3894 bac
607 3836 788 3911 inscriptione
807 3858 814 3893 ι
831 3839 918 3894 ILLE
934 3840 1140 3910 HANNIBAL,
1163 3833 1265 3897 detrita
1285 3841 1380 3914 priore

350 3931 424 3988 iilius
439 3942 526 4005 parte.
540 3929 673 4008 Ejusdem
685 3940 769 4001 capnt
783 3949 799 3985 e
811 3949 927 3986 nummo
936 3942 1069 4004 argenteo
1082 3932 1289 3989 tetradrachmo
1301 3931 1382 3988 exiri-

351 4023 419 4078 bent
433 4022 572 4096 Imagines
587 4018 698 4090 Ursini,
710 4037 788 4075 num.
802 4021 856 4090 63,
870 4039 927 4076 una
943 4040 1006 4076 cum
1018 4021 1118 4078 litteris
1135 4022 1259 4097 punicis,
1273 4037 1388 4080 nornen

351 4113 409 4185 ejus
426 4109 473 4189 (ut
490 4111 597 4182 aiebat,
610 4110 686 4183 cujus
703 4110 726 4166 is
745 4129 874 4168 nummus
886 4111 951 4182 suit,
965 4114 1063 4168 Petrus
1077 4114 1266 4190 Centarenus}
1282 4114 1381 4189 expri-

1548 912 1551 982 i
