3168 5048
618 531 829 588 PFJDPIDAS.
1199 525 1243 595 87.

256 658 297 722 V.
320 656 535 725 Conflictatus
550 671 660 726 autem
677 673 727 726 est
743 683 819 726 curn
835 657 971 726 adversa
987 655 1141 726 fortuna:
1158 679 1235 721 nam

210 792 243 844 et
259 777 369 858 initio,
386 779 472 846 sicut
487 778 705 862 ostendimus,
719 778 811 846 exsul
829 777 936 871 patria
953 778 1078 861 caruit;
1090 790 1235 868 etquuur
1258 819 1260 826 .

210 895 409 966 Thessaliam
421 899 453 964 in
465 911 662 990 potestatem
674 895 907 965 Thebanorum
921 909 1058 987 cuperet
1074 894 1235 987 redigere,

103 1069 107 1076 .
209 1012 445 1109 legationisque
470 1017 545 1108 jure
576 1017 654 1084 satis
685 1030 811 1084 tectum
835 1041 870 1084 se
888 1016 1124 1100 arbitraretur,
1147 1012 1236 1105 quod

207 1134 295 1226 apud
312 1160 426 1203 omnes
444 1149 558 1228 gentes
574 1149 730 1204 sanctum·
744 1160 813 1204 esse
831 1148 1034 1221 consuesset,
1055 1159 1074 1200 a
1095 1147 1236 1225 tyranno

206 1252 393 1321 Alexandro
405 1253 539 1322 Pheraeo
554 1254 651 1322 simul
667 1278 742 1322 curn
758 1255 900 1324 Ismenia
913 1252 1188 1344 comprehensus,
1202 1251 1236 1316 in

206 1373 336 1442 vincula
357 1373 523 1465 conjectus
549 1390 607 1444 est.
635 1380 732 1444 Hunc
751 1374 996 1467 Epaminondas
1013 1373 1235 1465 recuperavit,

205 1492 294 1561 bello
310 1518 508 1586 persequens
518 1493 751 1564 Alexandrum.
765 1497 845 1561 Post
858 1493 892 1561 id
911 1493 1049 1577 sactum,
1066 1516 1236 1584 nunquam

208 1612 235 1678 is
253 1613 363 1682 animo
383 1611 505 1705 placari
526 1613 634 1705 potuit
650 1615 683 1681 in
701 1638 777 1681 eum
794 1638 813 1680 a
832 1637 899 1704 quo
917 1625 989 1680 erat
1007 1609 1157 1678 violatus.
1175 1613 1237 1691 Ita·

207 1755 271 1822 que
287 1734 449 1824 persuasit
466 1732 629 1800 Thebanis
647 1747 685 1800 ut
699 1732 845 1801 subsidio
862 1729 1035 1799 Thessaliae
1052 1729 1236 1823 proficisco-

206 1863 336 1937 rentur,
355 1865 577 1944 tyrannosque
597 1853 667 1944 ejus
685 1850 897 1944 expellerent.
915 1851 1018 1943 Cujus
1038 1848 1117 1922 belli
1132 1874 1235 1942 quum

183 1963 190 1972 ’
205 1970 235 2035 ei
255 1994 383 2038 summa
400 1984 486 2038 esset
503 1971 594 2055 data,
612 1995 716 2063 eoque
734 1995 810 2040 eum
829 1971 975 2038 exercitu
996 1968 1163 2061 profectus
1185 1994 1236 2037 es.-

206 2089 272 2172 set,
297 2114 364 2157 non
385 2090 561 2176 dubitavit,
579 2089 676 2158 simul
700 2113 737 2157 ac
763 2089 933 2182 conspexit
954 2089 1099 2176 hostem,
1122 2088 1236 2158 confli-

205 2231 292 2299 gere.
310 2210 350 2274 In
372 2232 439 2299 quo
458 2207 594 2301 proelio,
615 2207 838 2278 Alexandrum
863 2223 902 2277 ut
917 2207 1164 2289 animadvertit,
1184 2209 1235 2276 in·

205 2348 324 2396 census
351 2327 415 2413 ira,
443 2351 565 2419 equum
595 2327 629 2394 in
653 2352 729 2396 eum
756 2328 951 2410 concitavit,
979 2325 1160 2419 proculque
1186 2326 1235 2393 di-

203 2468 333 2538 gressus
359 2447 492 2532 asnis,
525 2447 677 2540 conjectu
711 2445 852 2514 telorum
879 2445 1048 2518 confossus
1075 2445 1234 2516 concidit.

201 2567 312 2657 Atque
327 2566 391 2635 hoc
413 2566 558 2636 secunda
573 2568 712 2638 victoria
737 2566 875 2653 accidit;
891 2591 967 2634 nam
980 2567 1049 2658 jam
1069 2563 1235 2636 inclinatae

200 2699 296 2752 eraut
322 2699 536 2780 tyrannorum
564 2685 675 2779 eopiae.
696 2687 775 2772 Quo
798 2685 902 2772 sacto,
926 2710 1040 2754 omnes
1060 2681 1234 2758 Thessalis

201 2804 587 2874 civitates'interfectum
608 2803 799 2898 Pelopidam
829 2805 960 2873 coronis
980 2806 1087 2880 aureis
1113 2819 1146 2872 et
1168 2819 1233 2890 sta·

202 2924 268 2994 tuis
283 2928 395 3022 aeueis,
409 2926 595 3021 liberosque
609 2929 679 3021 ejus
699 2925 806 2996 multo
823 2953 903 3021 agro
919 2927 1094 2996 donarunt.
