3168 5048
390 488 442 547 rat
724 483 900 542 CORNELII
921 484 1076 541 NEPOTIS

328 592 332 604 ¹
387 603 573 675 incredibile
589 604 693 694 dict'u,
711 607 813 678 biduo
833 625 866 678 et
883 610 1010 678 duabus
1029 609 1181 678 noctibus
1200 610 1419 681 Adrumetum

388 725 552 819 pervenit,
567 724 661 818 quod·
674 727 765 795 abest
779 751 799 794 a
815 732 913 796 Zama
926 728 1055 796 circiter
1069 725 1170 795 millia
1182 752 1339 822 passuum
1350 743 1418 800 tre-

388 858 490 914 centa.
512 846 551 910 In
569 844 632 911 hac
650 841 729 938 fuga
748 846 913 934 Numida,
936 847 994 938 qui
1013 844 1109 914 simul
1133 870 1208 915 cum
1230 843 1329 914 eo'ex
1348 850 1420 917 acie

387 976 604 1050 excesserant,
624 963 766 1032 insidiati
788 979 866 1032 sunt
886 965 916 1032 ei
939 987 1048 1056 :quos
1070 987 1137 1033 non
1160 961 1267 1032 solum
1283 965 1419 1060 effugit,

388 1081 444 1150 sed
471 1082 568 1149 etiam
596 1081 683 1174 ipsos
711 1084 881 1177 oppressit.
910 1083 1081 1152 Adrumeti
1106 1080 1249 1175 reliquos
1275 1107 1315 1151 ex
1338 1083 1421 1178 luga

388 1199 547 1294 collegit:
569 1200 662 1267 novis
690 1197 882 1288 delectibus,
903 1201 1016 1294 paucis
1040 1199 1172 1287 diebus,
1194 1199 1315 1270 multos
1338 1226 1421 1270 con-

386 1322 500 1389 traxit.

423 1441 510 1512 vll.
536 1439 651 1526 Quum
670 1439 705 1508 in
727 1438 916 1533 apparando
940 1441 1094 1508 acerrime
1116 1453 1200 1508 esset
1218 1454 1420 1533 occupatus,

389 1556 671 1650 Carthaginienses
683 1555 804 1628 bellum
817 1583 892 1626 cum
908 1558 1063 1626 Romanis
1079 1573 1345 1653 composuerunt.
1357 1557 1421 1627 Ille

389 1675 492 1745 nihilo
514 1677 617 1744 secius
639 1678 794 1745 exercitui
816 1691 929 1772 postea
948 1675 1093 1770 praellrit,
1114 1702 1230 1770 resque
1247 1678 1283 1745 in
1307 1677 1422 1746 Africa

388 1797 503 1889 gessit,
518 1796 661 1888 itemque
675 1797 776 1888 Mago
793 1794 892 1864 frater
907 1795 992 1888 ejus,
1008 1794 1166 1888 usquead
1181 1799 1216 1864 P.
1235 1794 1420 1888 Sulpicium

388 1927 421 1981 et
439 1917 476 1983 C.
498 1910 666 1983 Aurelium
687 1911 845 1982 consules.
871 1916 930 1982 His
953 1915 1039 1983 enim
1059 1914 1302 2008 magistratibus
1319 1911 1420 2006 legati

389 2032 661 2127 carthaginienses
684 2036 822 2101 Romam
845 2047 1023 2124 venerunt,
1047 2034 1104 2125 qui
1128 2032 1254 2100 senatui
1277 2029 1420 2125 populo-

388 2176 453 2245 que
474 2176 610 2221 romano
632 2153 751 2244 gratias
775 2165 923 2244 agerent,
945 2151 1036 2244 quod
1060 2153 1135 2218 cnm
1158 2149 1209 2217 his
1234 2173 1348 2244 pacem
1364 2149 1419 2217 sfe-

388 2271 521 2358 cissent,
544 2270 587 2338 ob
607 2294 743 2362 eamque
762 2294 831 2336 rem
851 2294 971 2337 corona
992 2293 1091 2337 aurea
1109 2292 1164 2337 eos
1180 2267 1356 2354 donarent,
1375 2268 1437 2350 εἰη

387 2386 521 2482 mulque
536 2402 699 2482 peterent,
713 2401 751 2454 ut
767 2387 894 2455 obsides
908 2412 1023 2455 eorum
1037 2385 1189 2480 Fregellis
1206 2400 1328 2474 essent,
1343 2410 1420 2480 cap·

387 2510 511 2601 tivique
533 2507 756 2575 redderentur.
777 2507 836 2575 His
857 2531 893 2574 ex
916 2503 1207 2576 senatus-consulto
1224 2529 1419 2598 responsum

387 2640 451 2714 est,
475 2650 596 2712 munus
620 2649 734 2692 eorum
753 2640 884 2718 gratum
907 2641 1142 2719 acceptumque
1164 2649 1247 2711 esse3
1271 2623 1419 2711 obsides,

387 2769 454 2837 quo
476 2743 548 2812 loco
572 2757 746 2836 rogarent,
767 2742 910 2830 futuros3
938 2745 1083 2837 captivos
1111 2768 1179 2810 non
1206 2744 1418 2830 remissuros,

387 2862 477 2956 quod
496 2859 725 2949 Hannibalern,
742 2863 835 2954 cujus
852 2887 952 2956 opera
972 2877 1159 2955 susceptum
1177 2860 1299 2930 bellum
1317 2861 1418 2948 foret,

386 2982 644 3050 inimicissimum
663 2983 786 3049 nomini
802 3006 951 3075 romano,
968 2964 1173 3050 etiam-nnnc
1190 3006 1265 3049 eum
1281 2981 1420 3074 imperio

387 3099 476 3195 apud
489 3101 665 3170 exercitum
679 3101 850 3188 haberent,
864 3080 1005 3193 itemque
1012 3097 1147 3168 fratrem
1154 3098 1417 3193 ejusMagonem.

385 3223 459 3288 Hoc
475 3244 633 3313 responso
657 3220 940 3312 Carthaginienses
959 3220 1108 3312 cognito,
1125 3217 1341 3290 Hannibalem
1358 3217 1420 3286 do·

385 3364 476 3409 mum
501 3341 742 3434 Magonemque
768 3352 974 3407 revocarunt.
998 3342 1073 3406 Huc
1098 3352 1136 3405 ut
1163 3339 1273 3425 rediit,
1296 3353 1422 3434 praetor

385 3458 490 3526 factus
509 3472 575 3546 est,
593 3471 767 3551 postquam
789 3482 846 3524 rex
869 3455 989 3544 fuerat,
1009 3481 1096 3524 anno
1114 3456 1257 3524 secundo
1279 3470 1312 3524 et
1332 3458 1421 3525 vice-

386 3576 478 3643 simo.
494 3579 542 3645 Ut
555 3577 641 3644 enim
656 3579 769 3644 Romae
784 3574 948 3661 eonsules,
965 3577 1010 3644 sic
1028 3576 1227 3669 Carthagine
1240 3578 1420 3668 quotannis

315 3679 316 3682 Ἴ
386 3695 488 3761 annui
506 3692 576 3762 bini
592 3717 683 3786 reges
702 3693 906 3762 creabantur.
927 3699 966 3763 In
986 3719 1024 3762 eo
1040 3696 1232 3787 magistratu
1252 3695 1323 3788 pari
1344 3692 1420 3762 dili-

386 3792 499 3906 gentia.
514 3836 548 3880 se
567 3810 731 3880 Hannibal
746 3814 901 3906 praebuit,
916 3839 954 3882 ae
971 3814 1077 3882 fuerat
1097 3815 1131 3881 in
1146 3812 1232 3882 bello
1250 3840 1257 3882 :
1275 3837 1420 3904 namque

386 3929 506 4018 effecit,
523 3956 562 3998 ex
576 3931 669 3999 novis
683 3930 893 4024 vectigalibus
906 3958 974 4000 non
991 3931 1095 4001 solum
1109 3947 1147 4000 ut
1162 3948 1245 4000 esset
1260 3933 1418 4026 pecunia,

388 4073 458 4140 quae
469 4051 624 4118 Romanis
636 4073 675 4117 ex
686 4048 806 4118 foedere
817 4050 1029 4144 penderetur,
1042 4051 1098 4119 sed
1109 4035 1208 4120 etiam
1218 4065 1416 4144 superesset,
