3198 5174
362 566 399 636 54
615 601 617 610 ψ
700 551 872 626 conantur
894 573 1050 628 unroms

361 693 504 762 militum
517 692 701 778 voluntate,
717 691 850 761 liberius
866 693 1071 788 loquebatur,
1086 712 1118 764 et
1134 711 1308 789 tyrannum
1324 724 1391 766 non

362 812 531 882 ferendum
552 810 731 879 dictitabat.

411 934 501 1001 VIII.
529 933 607 998 Haec
629 928 682 998 ille
705 932 850 1017 intuens,
869 956 988 1024 quum,
1010 931 1284 1024 quemadmodum
1302 935 1393 1002 seda·

362 1065 427 1136 ret,
445 1051 599 1134 nesciret,
617 1063 650 1117 et
667 1073 824 1141 quorsum
840 1048 1028 1136 evaderent,
1049 1053 1191 1137 timeret;
1207 1050 1393 1121 Callicrates

363 1170 511 1267 quidam,
534 1169 612 1236 civis
634 1168 854 1256 Atheniensis,
877 1171 934 1261 qui
957 1169 1051 1238 simul
1078 1195 1153 1238 cum
1176 1197 1214 1238 eo
1240 1196 1279 1239 ex
1301 1171 1394 1240 Pelo·

364 1312 511 1382 ponneso
540 1288 573 1353 in
600 1285 742 1354 Siciliam
767 1302 915 1375 venerat,
940 1289 1039 1355 homo
1064 1303 1097 1357 et
1121 1287 1272 1377 callidus,
1297 1305 1329 1358 et
1354 1291 1396 1359 ad

363 1406 512 1474 fraudem
529 1421 664 1492 acutus,
679 1407 747 1473 sine
764 1403 830 1473 ulla
846 1405 1002 1500 religione
1020 1407 1153 1495 aclide,
1171 1407 1239 1476 adit
1256 1408 1296 1476 ad
1317 1411 1396 1476 Dio·

365 1550 455 1611 nem,
476 1539 508 1592 et
531 1524 603 1592 ait:
629 1549 704 1591 eum
728 1526 762 1592 in
786 1550 906 1618 magno
929 1525 1075 1619 periculo
1096 1552 1164 1595 esse
1190 1543 1325 1621 propter
1347 1527 1395 1594 of-

365 1642 543 1712 fensionem
566 1642 680 1737 populi
703 1644 868 1712 etodium
890 1643 1048 1729 militum3
1072 1645 1161 1738 quod
1185 1645 1395 1715 nullomodo

365 1763 487 1830 evitare
504 1777 628 1856 posset,
643 1763 705 1830 nisi
724 1760 820 1830 alicui
838 1788 973 1831 suorum
987 1766 1155 1856 negotium
1170 1765 1275 1851 daret,
1289 1766 1346 1856 qui
1364 1790 1397 1832 se

366 1880 534 1949 simularet
552 1880 598 1949 illi
612 1883 789 1950 inimicum.
809 1885 918 1971 Quem
936 1885 963 1952 si
976 1885 1151 1952 invenisset
1166 1883 1335 1972 idoneum,
1350 1885 1397 1952 fa-

366 1998 427 2070 cile
446 2003 593 2068 omnium
613 2002 738 2069 animos
757 2003 986 2095 cogniturum,
1006 2002 1272 2096 adversariosque
1290 2002 1397 2071 subla-

366 2135 494 2208 turum3
509 2121 599 2214 quod
616 2123 738 2190 inimici
756 2122 825 2213 ejus
842 2121 1010 2189 dissidenti
1027 2146 1102 2190 suos
1121 2147 1234 2191 seusus
1253 2124 1398 2216 aperturi

341 2307 344 2312 .
365 2239 483 2308 forent.
498 2238 569 2308 Tali
581 2239 716 2309 consilio
730 2242 885 2334 probato,
900 2242 1020 2334 excipit
1037 2241 1097 2308 has
1116 2255 1224 2335 partes
1241 2243 1309 2334 ipse
1325 2240 1399 2310 Cal-

366 2357 508 2443 licrates,
529 2374 562 2427 et
579 2384 612 2428 se
629 2375 736 2428 'armat
754 2359 975 2454 imprudentia
993 2362 1110 2430 Dionis
1130 2360 1193 2458 :ad
1212 2385 1286 2428 eum
1300 2361 1399 2427 inter-

365 2477 542 2545 ficiendum
566 2479 670 2546 socios
693 2480 857 2571 conquirit
880 2503 888 2545 τ
911 2479 1112 2548 adversarios
1134 2481 1204 2571 ejus
1228 2480 1398 2568 convenit,

365 2597 625 2688 conjurationem
640 2597 821 2665 confirmat.
840 2601 920 2685 Res,
939 2597 1051 2666 multis
1066 2600 1202 2667 consciis
1222 2623 1294 2691 quae
1308 2622 1400 2692 gere·

366 2729 473 2802 retur,
493 2712 577 2782 elata
593 2714 738 2784 defertur
756 2715 798 2784 ad
815 2717 1081 2805 Aristomachen,
1102 2742 1246 2786 sororem
1264 2718 1399 2804 Dionis,

366 2856 565 2925 uxoremque
582 2837 714 2902 Areten.
734 2832 817 2921 Illae,
836 2836 953 2903 timore
971 2838 1164 2929 perterritae,
1184 2836 1400 2922 conveniunt,

365 2951 460 3042 cnjus
485 2950 525 3018 de
550 2951 696 3045 periculo
721 2953 889 3022 timebant.
916 2959 960 3024 At
985 2953 1038 3022 ille
1062 2970 1161 3048 negat
1185 2979 1205 3022 a
1229 2951 1401 3022 Callicrate

364 3069 434 3137 fieri
455 3069 517 3137 sibi
541 3070 691 3159 insidias,
717 3070 773 3140 sed
798 3071 868 3160 illa,
898 3099 969 3166 quae
996 3090 1188 3169 agerentur,
1214 3073 1285 3142 fieri
1316 3099 1401 3167 prae-

364 3202 460 3282 cepto
485 3214 554 3257 suo.
577 3188 734 3259 Mulieres
756 3191 860 3260 nihilo
888 3194 990 3261 secius
1015 3192 1221 3263 Callicratem
1243 3195 1278 3260 in
1300 3192 1401 3262 aedem

364 3309 568 3402 Proserpina
584 3308 765 3396 deducunt,
779 3335 817 3379 ac
827 3312 940 3404 jurare
958 3327 1097 3406 cogunt,
1111 3311 1194 3381 nihil
1211 3313 1251 3380 ab
1270 3307 1326 3380 illo
1344 3337 1401 3407 pe-

364 3427 460 3497 riculi
473 3428 542 3496 fore
555 3429 666 3498 Dioni.
685 3427 744 3497 Ille
757 3430 818 3498 hac
832 3429 989 3526 religione
1008 3457 1075 3518 nou
1094 3432 1192 3500 modo
1210 3433 1252 3500 ab
1270 3434 1400 3527 incepto

365 3570 433 3614 non
452 3546 641 3634 deterritus,
665 3548 721 3616 sed
740 3549 782 3616 ad
799 3550 1032 3618 maturandum
1049 3554 1231 3621 concitatus
1256 3567 1322 3640 est,
1346 3576 1400 3620 ve·

325 3733 333 3746 ,
364 3687 440 3731 rens
459 3688 500 3732 ne
523 3666 614 3758 prius
634 3666 806 3735 consilium
826 3693 920 3736 suum
944 3672 1142 3763 aperiretur,
1168 3698 1267 3765 quam
1285 3685 1400 3740 conata

364 3780 561 3875 perfecisset.

413 3903 472 3968 lx.
498 3906 568 3971 Hac
586 3918 708 3992 mente,
727 3908 876 3999 proximo
896 3907 948 3976 die
961 3909 1059 3998 festo,
1077 3937 1180 4004 quum
1197 3936 1217 3980 a
1236 3926 1400 3982 conventu

365 4033 528 4089 remotum
546 4047 579 4090 se
594 4023 683 4092 Dion
702 4023 790 4094 domi
808 4025 948 4116 teneret,
965 4044 1064 4123 atque
1078 4031 1112 4099 in
1131 4031 1279 4100 conclavi
1296 4032 1400 4118 edito,

366 4139 581 4228 recubuisset3
607 4145 743 4213 consciis
767 4144 839 4214 loca
861 4148 1038 4216 munitiora
1061 4151 1174 4244 oppidi
1198 4151 1316 4239 tradit,
1342 4151 1401 4218 do·
