3114 5032
335 469 390 508 ιω
453 483 457 490 -
596 437 1103 520 JoaNNIsHENa.sc11LsoEL

333 595 418 650 quum
441 576 472 632 ia
489 577 577 652 epulis
593 591 745 638 recusasset
764 583 863 656 lyram,
878 587 991 642 habitus
1008 599 1049 644 est
1069 588 1220 646 indoctior.
1240 594 1318 667 Ergo
1337 595 1374 650 in

333 668 438 724 Graecia
454 669 552 724 musici
571 667 739 741 floruerunt,
757 674 957 752 discebantque
976 680 1007 735 id
1026 700 1140 751 omnes,
1159 700 1226 753 neo,
1240 685 1289 758 qui
1301 705 1374 742 nes.

333 760 440 829 ciebat,
455 761 520 816 satis
537 763 663 818 excultus
680 765 809 822 doctrina
823 771 980 842 putabatur.
997 761 1016 820 a*

374 853 519 908 Carebant.
528 854 664 924 Romani,
683 875 768 930 qurum
785 869 879 916 tamen
894 863 1037 919 Ciceronis
1055 874 1134 920 atate
1152 877 1243 921 essent
1257 865 1374 923 floren-

255 970 261 984 ·
334 941 442 1012 tissimi,
455 945 539 1002 bouis
553 946 666 1004 musicis
679 949 798 1022 perinde
813 963 845 1007 ut
859 953 1028 1027 pictoribus,
1048 955 1113 1029 quia
1130 955 1267 1014 dedecere
1282 970 1373 1032 puta-

333 1037 402 1092 bant
416 1037 466 1092 has
482 1048 555 1094 artes
571 1039 646 1096 viros
663 1041 781 1098 nobiles.
797 1046 861 1113 Quo
870 1045 962 1102 minus
978 1058 1037 1102 erat
1049 1048 1103 1103 arti
1115 1049 1249 1118 honoris,
1266 1069 1300 1105 eo
1313 1050 1373 1104 mi-

335 1147 404 1183 nora
420 1128 511 1184 studia
530 1130 650 1186 fuerunt.

372 1222 407 1275 V.
428 1221 506 1276 Praei.
522 1226 537 1290 S
552 1242 567 1292 7
583 1243 590 1277 :
606 1225 801 1294 Gyaroecom'tir.
815 1228 978 1303 Respondet
987 1230 1111 1287 baecvox
1122 1231 1164 1300 ei,
1177 1249 1259 1304 quam
1272 1233 1374 1288 Turcae

333 1311 437 1386 aliique
453 1312 527 1368 Asiae
544 1316 644 1388 populi
664 1329 813 1392 usmpant‚
826 1319 945 1387 karam,
965 1321 1019 1376 nisi
1043 1323 1120 1396 quod
1140 1322 1266 1378 moribus
1282 1323 1372 1379 diffe-

335 1415 407 1459 runt.
427 1405 531 1460 Graecis
550 1407 626 1462 enim
645 1428 728 1464 unam
748 1419 856 1468 tantum
871 1431 987 1468 uxorem
1010 1413 1111 1469 ducere
1129 1414 1171 1470 fas
1190 1424 1264 1482 erat,
1282 1424 1371 1488 quum

337 1498 502 1567 Mahomed,
517 1517 552 1554 ex
565 1501 679 1574 antiqua
697 1503 821 1576 gentium
836 1504 1009 1560 asiaticarum
1026 1506 1241 1576 consuetudine,
1258 1508 1372 1562 asseclis

335 1588 390 1644 suis
405 1592 499 1664 plures
514 1587 687 1665 permiserit,
700 1613 755 1668 qua
769 1596 880 1652 licentia
893 1597 1008 1654 ditiores
1023 1599 1115 1655 adhuc
1127 1599 1270 1654 interdurn
1283 1610 1372 1655 utun-

335 1690 389 1735 tur.
408 1671 547 1737 Homerus
562 1695 658 1742 auctor
673 1697 729 1755 est,
742 1687 801 1759 jam
814 1688 883 1742 olim
895 1689 1012 1744 seminas
1025 1699 1183 1764 separatum
1198 1710 1214 1744 a
1231 1691 1301 1746 viris
1317 1691 1373 1746 do-

335 1774 471 1830 micilium
490 1792 646 1851 occupasse.
665 1781 804 1836 Monstrat
822 1781 852 1836 id
871 1784 1029 1856 exemplum
1050 1783 1216 1854 Penelopes,
1239 1782 1373 1857 Odysseae

335 1866 411 1921 libro
425 1885 446 1921 r.
462 1870 608 1926 Servatum
618 1871 702 1927 fuisse
711 1873 839 1928 eumdem
851 1877 1011 1929 Graecorum
1023 1893 1131 1929 merem
1147 1873 1271 1930 Cornelii
1287 1873 1373 1928 etiam

336 1969 429 2030 aetate,
450 1962 607 2041 luculentus
633 1965 711 2020 testis
731 1975 772 2021 est
799 1967 940 2021 Vitmvries.
960 1968 988 2021 Is
1006 1966 1094 2035 enim,
1110 1966 1149 2028 ,de
1164 1964 1373 2031 Architectura,

337 2052 446 2120 l.v1,c.
461 2072 509 2122 ro,
522 2055 600 2128 quod
614 2049 776 2112 inscrflritur
788 2077 795 2111 τ
809 2081 821 2107 a
837 2059 880 2112 De
895 2069 1049 2132 graecorum
1063 2055 1244 2112 aedificiorum
1257 2071 1373 2110 eomun-

337 2163 392 2218 que
409 2146 532 2219 partium
549 2147 746 2221 dispositione,
760 2140 843 2222 atque
857 2149 1050 2206 differentibus
1063 2148 1239 2216 nominibus,
1256 2145 1321 2202 satis
1334 2147 1373 2200 ab

336 2237 437 2294 italicis
452 2239 578 2294 moribus
591 2250 619 2295 et
634 2241 728 2297 usibus
745 2241 982 2313 discrepantibus3
994 2265 1006 2290 r
1020 2259 1079 2296 non
1092 2242 1183 2296 solum
1198 2237 1373 2293 mentionem

338 2330 403 2386 lacit
420 2331 646 2405 gynaeconitidis‚
664 2334 714 2389 sed
735 2334 818 2390 etiam
834 2335 931 2402 docet,
951 2332 1096 2407 quomodo
1113 2330 1247 2387 aedificata
1263 2341 1291 2386 et
1309 2330 1372 2384 ins-

338 2433 428 2478 tructa
441 2438 500 2478 esse
512 2425 608 2480 soleat.
620 2447 632 2475 a
643 2426 678 2480 ln
691 2426 734 2480 his
743 2427 812 2481 locis
826 2425 962 2480 introrsus
978 2424 1183 2480 constituuntur
1196 2422 1249 2478 oeci
1261 2421 1374 2495 magni,

338 2515 369 2570 in
385 2515 486 2589 quibus
501 2517 772 2572 matresfamiliarum
786 2537 847 2572 cam
865 2516 994 2573 lanificiis
1009 2517 1114 2572 hahent
1128 2515 1292 2571 sessiones...
1305 2515 1374 2568 Haeo

338 2625 403 2680 pars
418 2589 528 2664 aedificii
541 2609 724 2683 grnoecom'u's
736 2610 923 2682 appellatur.»
938 2609 1099 2682 opponitur
1108 2606 1306 2682 gynaeconitidi
1317 2625 1374 2660 arr-

338 2702 409 2756 dron
433 2719 488 2756 seu.
506 2701 674 2768 andronitis,
699 2701 735 2756 de
754 2720 809 2774 qua
825 2696 969 2756 Vitruvius
988 2701 1006 2756 l.
1024 2719 1047 2756 e.
1065 2719 1105 2754 :a
1116 2699 1206 2755 Graeci
1224 2697 1300 2754 enim
1318 2715 1375 2750 an-

339 2795 444 2853 dronas
459 2793 602 2866 appellant
614 2812 703 2866 oecos,
719 2793 769 2848 ubi
786 2793 917 2848 convivia
934 2793 1025 2849 virilia
1043 2793 1134 2847 solent
1153 2809 1226 2858 esse,
1244 2789 1322 2862 quod
1337 2808 1373 2843 eo

339 2885 469 2942 mulieres
486 2904 546 2940 non
566 2882 708 2954 aehcdant.
724 2907 736 2934 a
757 2885 862 2940 Scitum
879 2883 930 2940 fuit
946 2884 1080 2956 Diogenis
1096 2883 1193 2956 Cynici
1209 2881 1244 2938 de
1257 2891 1374 2952 utraque

340 2987 419 3051 parte
435 2977 535 3032 aedium
554 2963 673 3045 dictum,
687 2976 763 3049 quod
781 2975 866 3030 refert
878 2976 1020 3048 Diogenes
1034 2973 1169 3029 Laertius.
1186 2975 1279 3041 Quum
1299 2971 1374 3027 enim

274 3095 280 3106 ·
340 3087 377 3124 ex
403 3087 455 3136 eo,
481 3068 680 3124 Lacedaemone
702 3069 827 3122 Athenas
845 3066 991 3134 veniente,
1010 3075 1143 3138 quaereret
1165 3063 1279 3137 aliquis,
1296 3062 1374 3116 unde

340 3158 464 3230 reniret,
479 3179 536 3234 quo
549 3159 694 3216 tenderet?
705 3158 868 3232 respondit:
881 3159 923 3212 Ex
938 3156 1118 3212 andronitide
1131 3156 1161 3211 in
1175 3153 1372 3240 gynaeconitin.

379 3255 429 3310 VI.
443 3252 854 3320 Miltiao.v11,3,mem0ratur
868 3251 991 3305 Poecile.
1014 3245 1137 3321 porticus
1150 3266 1198 3302 seu
1210 3257 1271 3302 stoa
1279 3247 1373 3300 athe-

341 3365 456 3414 narum,
471 3344 501 3399 iu
524 3363 580 3417 qua
604 3361 697 3416 pugna
719 3342 830 3415 depicta
852 3351 893 3395 est
914 3340 1104 3396 Marathonia.
1126 3339 1164 3394 ita
1182 3349 1213 3393 ut
1231 3337 1374 3393 indecem

340 3448 493 3511 praetorum
508 3453 625 3490 numero
640 3434 731 3507 prima
742 3433 879 3488 Miltiadis
895 3431 988 3505 imago
1004 3442 1176 3506 poneretur,
1185 3429 1264 3504 isque
1276 3429 1375 3484 horta-

340 3539 419 3584 retur
432 3527 534 3582 milites
551 3524 737 3599 proelimnque
750 3523 943 3579 committeret.
961 3525 1004 3580 Ad
1022 3524 1217 3579 illustrandum
1232 3524 1310 3577 hunc
1326 3522 1374 3577 lo-

342 3639 406 3676 cum
423 3619 494 3674 nihil
509 3628 601 3690 potest
616 3634 674 3672 esse
691 3613 856 3686 luculentius
871 3617 965 3672 verbis
984 3616 1031 3684 iis,
1044 3615 1146 3690 quibus
1164 3635 1230 3671 usus
1248 3625 1289 3670 est
1306 3617 1373 3668 AEs-

343 3711 438 3767 chinea
450 3711 479 3765 in
494 3709 620 3764 oratioue
633 3708 765 3763 adversus
774 3707 992 3779 Ctesiphontem.
1002 3709 1074 3764 Utar
1082 3708 1213 3765 versione
1226 3705 1374 3762 Lambini:

344 3827 357 3854 a
371 3802 454 3858 Adite
468 3800 555 3874 igitur
569 3799 669 3856 animis
685 3799 722 3855 ad
734 3798 874 3870 porticum
887 3799 1031 3854 Poecilen!
1046 3800 1174 3855 omnium
1191 3801 1267 3856 enim
1281 3817 1376 3854 rerum

343 3897 539 3968 praeclararum
558 3887 669 3948 exs'taut
683 3889 765 3946 vobis
785 3889 813 3943 in
833 3889 897 3945 loro
911 3899 1100 3946 monumenta.
1122 3893 1198 3960 Quid
1217 3891 1376 3965 igiturest,

343 3987 539 4055 Athenienses,
556 3984 634 4059 quod
650 4001 705 4058 ego
723 3981 808 4037 dico?
824 3982 877 4038 llio
894 3982 1073 4038 Marathonia
1090 4001 1183 4058 pugna
1200 3984 1310 4057 depicta
1327 3990 1376 4036 est.

308 4142 310 4148 ,
343 4079 415 4150 Quis
431 4088 491 4134 erat
510 4075 884 4150 imperatori-Neminem
910 4094 976 4132 saue
998 4087 1124 4131 restrum
1146 4095 1204 4132 esse
1223 4086 1310 4150 puto,
1329 4073 1378 4148 qui
