3198 5174
580 1209 877 1321 Ι(ΞΟΝΟΝ.

632 1605 872 1630 ,--ι.--“

225 1844 387 1986 Cotton,
400 1902 615 1987 Atheniensis,
629 1900 864 1996 Peloponnesio
881 1900 967 1970 bello
979 1899 1110 1969 accessit
1120 1895 1161 1966 ad
1174 1878 1258 1965 remss

223 2020 404 2112 publicam,
419 2023 453 2089 in
466 2045 570 2112 eoque
580 2021 650 2112 ejus
663 2045 763 2114 opera
775 2021 884 2112 magni
903 2020 974 2088 suit.
993 2021 1080 2087 Nam
1094 2031 1126 2086 et
1138 2030 1259 2110 proetor

222 2139 431 2234 pedestribus
453 2140 645 2208 exercitibus
660 2139 814 2232 praefuit,
838 2154 871 2206 et
892 2139 1060 2233 praefectus
1080 2136 1189 2206 classis
1204 2129 1258 2204 res

128 2297 131 2302 ·
220 2283 360 2351 magnas
380 2260 463 2327 mari
482 2261 587 2350 gessit.
606 2257 699 2343 Quas
717 2259 760 2326 ob
777 2281 889 2326 causas
906 2258 1089 2351 praecipuus
1106 2257 1138 2324 ei
1152 2255 1258 2323 honos

135 2400 139 2406 ·
220 2377 358 2446 habitus
382 2391 438 2444 cst.
463 2379 615 2470 Namque
638 2361 789 2447 omnibus
814 2378 898 2446 unus
922 2375 1035 2445 insulis
1059 2375 1198 2470 praefuit.
1218 2379 1257 2442 In

173 2505 175 2512 ⁴
220 2520 293 2589 qua
311 2488 468 2588 pdtestate
484 2497 605 2564 Pheras
621 2497 725 2590 cepit,
743 2495 904 2564 coloniam
921 2493 1255 2563 Lacedaemoniorum.

220 2614 304 2683 Fuit
328 2615 426 2682 etiam
450 2628 594 2683 extremo
615 2613 852 2708 Peloponnesio
880 2612 966 2682 bello
993 2627 1128 2707 praetor,
1155 2627 1258 2704 quum

218 2731 316 2827 apud
331 2735 430 2826 AEgos
447 2732 569 2801 flumen
583 2733 684 2826 copiae
696 2733 943 2802 Atheniensium
959 2757 979 2800 a
992 2730 1165 2824 Lysandro
1183 2745 1259 2799 sunt

219 2850 371 2920 devictae.
386 2851 450 2921 Sed
467 2831 537 2920 tum
549 2852 663 2938 abfuit,
677 2877 780 2945 eoque
791 2853 884 2947 pejus
896 2877 946 2920 res
959 2851 1185 2920 administrata
1199 2865 1256 2919 cst.

218 2973 313 3041 Nam
332 2985 363 3038 ct
385 2969 528 3062 prudens
551 2971 598 3039 rei
620 2949 787 3061 militaris,
808 2986 841 3040 et
864 2970 1001 3064 diligens
1026 2985 1095 3038 erat
1118 2970 1256 3064 imperii.

216 3076 339 3182 Itaque
358 3090 481 3158 nemini
500 3104 568 3158 erat
586 3091 637 3158 his
655 3090 856 3186 temporibus
875 3090 1028 3178 dubium,
1049 3092 1076 3159 si
1099 3089 1258 3178 affuisset,

216 3209 317 3279 illam
338 3210 549 3278 Athenienses
567 3209 783 3284 calamitatem
805 3223 993 3304 accepturos
1013 3235 1081 3279 non
1100 3209 1208 3280 fuisse.

271 3330 316 3396 II.
342 3328 453 3397 Rebus
478 3343 589 3412 autem
612 3328 740 3397 afflictis
758 3353 859 3420 quum
876 3329 1016 3422 patriam
1033 3328 1175 3398 obsideri
1197 3353 1259 3397 au-
1356 3343 1358 3348 '

215 3447 338 3532 disset,
356 3471 424 3515 non
440 3449 589 3541 quaesivit
605 3447 663 3515 ubi
680 3445 749 3540 ipse
764 3461 835 3515 tuto
849 3448 985 3532 viveret,
1002 3447 1062 3516 sed
1076 3448 1163 3517 unde
1176 3473 1259 3543 pra·

215 3565 310 3634 sidio
323 3580 432 3658 posset
446 3587 514 3634 esse
530 3567 656 3637 civibus
671 3567 748 3633 suis.
764 3568 878 3657 Itaque
896 3564 1034 3650 contulit
1049 3591 1083 3635 se
1099 3565 1141 3634 ad
1155 3568 1259 3636 Phar·

214 3684 398 3768 nabazum,
411 3698 573 3777 satrapem
584 3685 685 3752 Ioniae
697 3698 728 3751 et
739 3684 861 3776 Lydiae,
873 3683 1090 3778 eumdemque
1102 3711 1258 3780 generum

122 3845 136 3878 ‚·
213 3802 313 3894 regis
340 3815 373 3869 et
396 3803 621 3895 propinquum
646 3828 654 3868 :
681 3800 771 3897 apud
799 3826 896 3894 quem
925 3818 962 3872 ut
986 3802 1128 3874 muitum
1156 3808 1259 3900 gratia

213 3918 362 4003 valeret,
389 3919 493 3987 multo
521 3918 631 3988 labore
656 3920 966 4014 multisque'effecit
987 3922 1149 4014 periculis.
1166 3925 1258 3994 Nam

214 4064 330 4136 quum
347 4037 874 4124 Lacedaemonii,'Atheniensibus
893 4041 1044 4131 devictis,
1060 4045 1095 4111 in
1110 4044 1259 4113 societate

215 4183 293 4232 non
325 4171 496 4226 manerent
521 4182 619 4250 quam
644 4182 720 4227 cum
748 4163 925 4230 Artaxerxe
954 4163 1115 4251 fecerant,
1147 4163 1257 4257 Agesi-
