<?xml version="1.0" encoding="UTF-8"?>
<!DOCTYPE html PUBLIC "-//W3C//DTD XHTML 1.0 Transitional//EN"
    "http://www.w3.org/TR/xhtml1/DTD/xhtml1-transitional.dtd">
<html xmlns="http://www.w3.org/1999/xhtml" xml:lang="en" lang="en">
 <head>
  <title>
</title>
<meta http-equiv="Content-Type" content="text/html;charset=utf-8" />
  <meta name='ocr-system' content='tesseract 3.04.00' />
  <meta name='ocr-capabilities' content='ocr_page ocr_carea ocr_par ocr_line ocrx_word'/>
</head>
<body>
  <div class='ocr_page' id='page_1' title='image "./corneliinepotio00nepogoog_0259.png"; bbox 0 0 3114 5032; ppageno 0'>
   <div class='ocr_carea' id='block_1_1' title="bbox 387 453 1214 538">
    <p class='ocr_par' dir='ltr' id='par_1_1' title="bbox 387 453 1214 538">
     <span class='ocr_line' id='line_1_1' title="bbox 387 453 1214 538; baseline -0.002 -12"><span class='ocrx_word' id='word_1_1' title='bbox 387 479 443 538; x_wconf 65' lang='lat'><strong>240</strong></span> <span class='ocrx_word' id='word_1_2' title='bbox 590 453 704 526; x_wconf 72' lang='lat' dir='ltr'><strong>norm</strong></span> <span class='ocrx_word' id='word_1_3' title='bbox 724 469 894 526; x_wconf 81' lang='lat' dir='ltr'><strong>1uv1ms</strong></span> <span class='ocrx_word' id='word_1_4' title='bbox 914 469 1067 526; x_wconf 75' lang='lat' dir='ltr'><strong>Excrm.</strong></span> <span class='ocrx_word' id='word_1_5' title='bbox 1087 470 1214 526; x_wconf 78' lang='lat' dir='ltr'><strong>luem.</strong></span> 
     </span>
    </p>
   </div>
   <div class='ocr_carea' id='block_1_2' title="bbox 277 594 1510 3688">
    <p class='ocr_par' dir='ltr' id='par_1_2' title="bbox 383 594 1416 1128">
     <span class='ocr_line' id='line_1_2' title="bbox 385 594 1414 672; baseline 0 -18"><span class='ocrx_word' id='word_1_6' title='bbox 385 599 566 667; x_wconf 79' lang='lat' dir='ltr'><strong>Ciceronum,</strong></span> <span class='ocrx_word' id='word_1_7' title='bbox 585 607 650 672; x_wconf 89' lang='lat' dir='ltr'><strong>post</strong></span> <span class='ocrx_word' id='word_1_8' title='bbox 673 615 689 653; x_wconf 90' lang='lat' dir='ltr'><strong>a</strong></span> <span class='ocrx_word' id='word_1_9' title='bbox 711 615 760 652; x_wconf 83' lang='lat' dir='ltr'><strong>sua</strong></span> <span class='ocrx_word' id='word_1_10' title='bbox 779 595 845 651; x_wconf 86' lang='lat' dir='ltr'><strong>sede</strong></span> <span class='ocrx_word' id='word_1_11' title='bbox 870 605 992 662; x_wconf 88' lang='lat' dir='ltr'><strong>motum,</strong></span> <span class='ocrx_word' id='word_1_12' title='bbox 1012 614 1095 668; x_wconf 83' lang='lat' dir='ltr'><strong>quum</strong></span> <span class='ocrx_word' id='word_1_13' title='bbox 1117 594 1159 650; x_wconf 93' lang='lat' dir='ltr'><strong>illi</strong></span> <span class='ocrx_word' id='word_1_14' title='bbox 1177 596 1249 652; x_wconf 84' lang='lat' dir='ltr'><strong>adeo</strong></span> <span class='ocrx_word' id='word_1_15' title='bbox 1270 597 1414 671; x_wconf 72' lang='lat' dir='ltr'>assignavit</span> 
     </span>
     <span class='ocr_line' id='line_1_3' title="bbox 384 687 1416 762; baseline 0.001 -17"><span class='ocrx_word' id='word_1_16' title='bbox 384 688 536 745; x_wconf 80' lang='lat' dir='ltr'><strong>Lambinus</strong></span> <span class='ocrx_word' id='word_1_17' title='bbox 549 699 577 745; x_wconf 89' lang='lat' dir='ltr'><strong>et</strong></span> <span class='ocrx_word' id='word_1_18' title='bbox 590 689 703 762; x_wconf 87' lang='lat' dir='ltr'><strong>quidam</strong></span> <span class='ocrx_word' id='word_1_19' title='bbox 717 687 773 742; x_wconf 86' lang='lat' dir='ltr'><strong>ulii.</strong></span> <span class='ocrx_word' id='word_1_20' title='bbox 787 689 821 756; x_wconf 89' lang='lat' dir='ltr'><strong>Q.</strong></span> <span class='ocrx_word' id='word_1_21' title='bbox 833 705 997 760; x_wconf 78' lang='lat' dir='ltr'>praenomen</span> <span class='ocrx_word' id='word_1_22' title='bbox 1009 687 1158 741; x_wconf 87' lang='lat' dir='ltr'><strong>commode</strong></span> <span class='ocrx_word' id='word_1_23' title='bbox 1170 687 1260 760; x_wconf 86' lang='lat' dir='ltr'>possit</span> <span class='ocrx_word' id='word_1_24' title='bbox 1271 687 1371 744; x_wconf 90' lang='lat' dir='ltr'><strong>referri</strong></span> <span class='ocrx_word' id='word_1_25' title='bbox 1383 693 1416 746; x_wconf 87' lang='lat' dir='ltr'><strong>ad</strong></span> 
     </span>
     <span class='ocr_line' id='line_1_4' title="bbox 384 777 1415 850; baseline 0.001 -15"><span class='ocrx_word' id='word_1_26' title='bbox 384 780 578 850; x_wconf 79' lang='lat' dir='ltr'><strong>Hortensium,</strong></span> <span class='ocrx_word' id='word_1_27' title='bbox 594 781 644 837; x_wconf 86' lang='lat' dir='ltr'><strong>sed</strong></span> <span class='ocrx_word' id='word_1_28' title='bbox 659 779 763 845; x_wconf 70' lang='lat' dir='ltr'><strong>Mani,</strong></span> <span class='ocrx_word' id='word_1_29' title='bbox 781 779 842 846; x_wconf 84' lang='lat' dir='ltr'><strong>vel,</strong></span> <span class='ocrx_word' id='word_1_30' title='bbox 859 788 890 832; x_wconf 91' lang='lat' dir='ltr'><strong>ut</strong></span> <span class='ocrx_word' id='word_1_31' title='bbox 902 786 944 833; x_wconf 87' lang='lat' dir='ltr'><strong>est</strong></span> <span class='ocrx_word' id='word_1_32' title='bbox 962 777 993 832; x_wconf 90' lang='lat' dir='ltr'><strong>in</strong></span> <span class='ocrx_word' id='word_1_33' title='bbox 1008 777 1103 847; x_wconf 90' lang='lat' dir='ltr'><strong>libris,</strong></span> <span class='ocrx_word' id='word_1_34' title='bbox 1116 778 1213 832; x_wconf 81' lang='lat' dir='ltr'><strong>Marci</strong></span> <span class='ocrx_word' id='word_1_35' title='bbox 1226 779 1300 835; x_wconf 86' lang='lat' dir='ltr'><strong>male</strong></span> <span class='ocrx_word' id='word_1_36' title='bbox 1314 781 1415 836; x_wconf 91' lang='lat' dir='ltr'><strong>redun-</strong></span> 
     </span>
     <span class='ocr_line' id='line_1_5' title="bbox 384 869 1414 945; baseline 0 -17"><span class='ocrx_word' id='word_1_37' title='bbox 384 870 440 928; x_wconf 84' lang='lat' dir='ltr'><strong>dat.</strong></span> <span class='ocrx_word' id='word_1_38' title='bbox 458 871 532 928; x_wconf 87' lang='lat' dir='ltr'><strong>Hinc</strong></span> <span class='ocrx_word' id='word_1_39' title='bbox 545 869 633 945; x_wconf 85' lang='lat' dir='ltr'><strong>aliqui</strong></span> <span class='ocrx_word' id='word_1_40' title='bbox 646 871 687 926; x_wconf 89' lang='lat' dir='ltr'><strong>M.</strong></span> <span class='ocrx_word' id='word_1_41' title='bbox 705 870 832 938; x_wconf 69' lang='grc' dir='ltr'><strong>θαιοιιιὶτ,</strong></span> <span class='ocrx_word' id='word_1_42' title='bbox 852 872 886 942; x_wconf 86' lang='lat' dir='ltr'><strong>Q.</strong></span> <span class='ocrx_word' id='word_1_43' title='bbox 904 871 1056 938; x_wconf 76' lang='lat' dir='ltr'><strong>Hortensii,</strong></span> <span class='ocrx_word' id='word_1_44' title='bbox 1077 869 1271 929; x_wconf 70' lang='lat' dir='ltr'><strong>emendarunt</strong></span> <span class='ocrx_word' id='word_1_45' title='bbox 1284 873 1330 926; x_wconf 84' lang='lat' dir='ltr'><strong>Ita</strong></span> <span class='ocrx_word' id='word_1_46' title='bbox 1348 875 1414 928; x_wconf 84' lang='lat' dir='ltr'><strong>Tzs-</strong></span> 
     </span>
     <span class='ocr_line' id='line_1_6' title="bbox 383 961 1416 1038; baseline 0.008 -22"><span class='ocrx_word' id='word_1_47' title='bbox 383 980 486 1017; x_wconf 77' lang='lat' dir='ltr'><strong>cnucr.</strong></span> <span class='ocrx_word' id='word_1_48' title='bbox 505 963 576 1018; x_wconf 88' lang='lat' dir='ltr'><strong>Huic</strong></span> <span class='ocrx_word' id='word_1_49' title='bbox 594 962 697 1018; x_wconf 81' lang='lat' dir='ltr'><strong>ultimae</strong></span> <span class='ocrx_word' id='word_1_50' title='bbox 713 961 828 1018; x_wconf 85' lang='lat' dir='ltr'><strong>lectioni</strong></span> <span class='ocrx_word' id='word_1_51' title='bbox 846 979 899 1034; x_wconf 84' lang='lat' dir='ltr'><strong>ego</strong></span> <span class='ocrx_word' id='word_1_52' title='bbox 918 961 1070 1034; x_wconf 82' lang='lat' dir='ltr'><strong>suffragor,</strong></span> <span class='ocrx_word' id='word_1_53' title='bbox 1085 961 1158 1018; x_wconf 91' lang='lat' dir='ltr'><strong>etin</strong></span> <span class='ocrx_word' id='word_1_54' title='bbox 1177 972 1256 1018; x_wconf 83' lang='lat' dir='ltr'><strong>textu</strong></span> <span class='ocrx_word' id='word_1_55' title='bbox 1273 963 1416 1038; x_wconf 60' lang='lat' dir='ltr'><strong>malim</strong></span> 
     </span>
     <span class='ocr_line' id='line_1_7' title="bbox 384 1052 1030 1128; baseline -0.002 -20"><span class='ocrx_word' id='word_1_56' title='bbox 384 1064 440 1126; x_wconf 75' lang='lat' dir='ltr'><strong>qut)</strong></span> <span class='ocrx_word' id='word_1_57' title='bbox 457 1054 541 1110; x_wconf 87' lang='lat' dir='ltr'><strong>lectio</strong></span> <span class='ocrx_word' id='word_1_58' title='bbox 558 1055 649 1110; x_wconf 80' lang='lat' dir='ltr'><strong>Marii</strong></span> <span class='ocrx_word' id='word_1_59' title='bbox 658 1053 814 1128; x_wconf 79' lang='lat' dir='ltr'><strong>ableganda</strong></span> <span class='ocrx_word' id='word_1_60' title='bbox 826 1053 896 1108; x_wconf 89' lang='lat' dir='ltr'><strong>mihi</strong></span> <span class='ocrx_word' id='word_1_61' title='bbox 910 1052 1030 1108; x_wconf 82' lang='lat' dir='ltr'><strong>videtur.</strong></span> 
     </span>
    </p>

    <p class='ocr_par' dir='ltr' id='par_1_3' title="bbox 422 1144 1297 1214">
     <span class='ocr_line' id='line_1_8' title="bbox 422 1144 1297 1214; baseline 0.001 -12"><span class='ocrx_word' id='word_1_62' title='bbox 422 1145 486 1202; x_wconf 74' lang='lat' dir='ltr'><strong>co.</strong></span> <span class='ocrx_word' id='word_1_63' title='bbox 499 1147 573 1200; x_wconf 87' lang='lat' dir='ltr'><strong>XVI.</strong></span> <span class='ocrx_word' id='word_1_64' title='bbox 583 1146 733 1201; x_wconf 69' lang='lat' dir='ltr'><strong>Hesternum</strong></span> <span class='ocrx_word' id='word_1_65' title='bbox 746 1147 911 1202; x_wconf 72' lang='lat' dir='ltr'><strong>contextum.</strong></span> <span class='ocrx_word' id='word_1_66' title='bbox 924 1144 1046 1214; x_wconf 88' lang='lat' dir='ltr'><strong>Gallice,</strong></span> <span class='ocrx_word' id='word_1_67' title='bbox 1062 1144 1192 1200; x_wconf 71' lang='lat' dir='ltr'><strong>l&#39;Izbtoire</strong></span> <span class='ocrx_word' id='word_1_68' title='bbox 1204 1147 1297 1203; x_wconf 77' lang='lat' dir='ltr'><strong>suivie.</strong></span> 
     </span>
    </p>

    <p class='ocr_par' dir='ltr' id='par_1_4' title="bbox 420 1235 1277 1309">
     <span class='ocr_line' id='line_1_9' title="bbox 420 1235 1277 1309; baseline -0.005 -13"><span class='ocrx_word' id='word_1_69' title='bbox 420 1239 486 1296; x_wconf 73' lang='lat' dir='ltr'><strong>Cn.</strong></span> <span class='ocrx_word' id='word_1_70' title='bbox 502 1238 596 1296; x_wconf 85' lang='lat' dir='ltr'><strong>xvll.</strong></span> <span class='ocrx_word' id='word_1_71' title='bbox 620 1239 713 1309; x_wconf 87' lang='lat' dir='ltr'><strong>Quam</strong></span> <span class='ocrx_word' id='word_1_72' title='bbox 729 1237 831 1291; x_wconf 68' lang='lat' dir='ltr'><strong>erudit.</strong></span> <span class='ocrx_word' id='word_1_73' title='bbox 849 1238 942 1305; x_wconf 83' lang='lat' dir='ltr'><strong>Quam</strong></span> <span class='ocrx_word' id='word_1_74' title='bbox 957 1235 1148 1308; x_wconf 82' lang='lat' dir='ltr'><strong>sepeliendam</strong></span> <span class='ocrx_word' id='word_1_75' title='bbox 1163 1238 1277 1292; x_wconf 87' lang='lat' dir='ltr'><strong>curavit.</strong></span> 
     </span>
    </p>

    <p class='ocr_par' dir='ltr' id='par_1_5' title="bbox 341 1325 1417 1572">
     <span class='ocr_line' id='line_1_10' title="bbox 341 1325 1416 1406; baseline 0.002 -20"><span class='ocrx_word' id='word_1_76' title='bbox 341 1337 344 1344; x_wconf 85' lang='grc'><strong>’</strong></span> <span class='ocrx_word' id='word_1_77' title='bbox 422 1333 486 1406; x_wconf 76' lang='lat' dir='ltr'><strong>Car.</strong></span> <span class='ocrx_word' id='word_1_78' title='bbox 506 1331 585 1386; x_wconf 85' lang='lat' dir='ltr'><strong>XIX.</strong></span> <span class='ocrx_word' id='word_1_79' title='bbox 607 1329 742 1402; x_wconf 81' lang='lat' dir='ltr'><strong>Divifilii.</strong></span> <span class='ocrx_word' id='word_1_80' title='bbox 760 1327 851 1382; x_wconf 81' lang='lat' dir='ltr'><strong>Abest</strong></span> <span class='ocrx_word' id='word_1_81' title='bbox 867 1325 925 1382; x_wconf 80' lang='lat' dir='ltr'><strong>vox</strong></span> <span class='ocrx_word' id='word_1_82' title='bbox 941 1327 1042 1382; x_wconf 82' lang='lat' dir='ltr'><strong>Juliia</strong></span> <span class='ocrx_word' id='word_1_83' title='bbox 1059 1326 1154 1383; x_wconf 89' lang='lat' dir='ltr'><strong>multis</strong></span> <span class='ocrx_word' id='word_1_84' title='bbox 1175 1329 1270 1398; x_wconf 87' lang='lat' dir='ltr'><strong>libris,</strong></span> <span class='ocrx_word' id='word_1_85' title='bbox 1292 1349 1416 1404; x_wconf 66' lang='lat' dir='ltr'><strong>quatre-</strong></span> 
     </span>
     <span class='ocr_line' id='line_1_11' title="bbox 382 1417 1417 1499; baseline -0.014 -17"><span class='ocrx_word' id='word_1_86' title='bbox 382 1423 516 1499; x_wconf 82' lang='lat' dir='ltr'><strong>ponenda</strong></span> <span class='ocrx_word' id='word_1_87' title='bbox 537 1421 608 1477; x_wconf 87' lang='lat' dir='ltr'><strong>mihi</strong></span> <span class='ocrx_word' id='word_1_88' title='bbox 631 1419 742 1476; x_wconf 84' lang='lat' dir='ltr'><strong>videtur</strong></span> <span class='ocrx_word' id='word_1_89' title='bbox 758 1439 765 1475; x_wconf 73' lang='grc' dir='ltr'><strong>ε</strong></span> <span class='ocrx_word' id='word_1_90' title='bbox 781 1437 843 1476; x_wconf 87' lang='lat' dir='ltr'><strong>non</strong></span> <span class='ocrx_word' id='word_1_91' title='bbox 866 1419 967 1475; x_wconf 84' lang='lat' dir='ltr'><strong>desunt</strong></span> <span class='ocrx_word' id='word_1_92' title='bbox 983 1418 1092 1473; x_wconf 87' lang='lat' dir='ltr'><strong>nummi</strong></span> <span class='ocrx_word' id='word_1_93' title='bbox 1110 1417 1142 1474; x_wconf 89' lang='lat' dir='ltr'><strong>in</strong></span> <span class='ocrx_word' id='word_1_94' title='bbox 1164 1420 1266 1493; x_wconf 86' lang='lat' dir='ltr'><strong>quibus</strong></span> <span class='ocrx_word' id='word_1_95' title='bbox 1282 1423 1354 1478; x_wconf 63' lang='lat' dir='ltr'><strong>lum·</strong></span> <span class='ocrx_word' id='word_1_96' title='bbox 1368 1424 1417 1479; x_wconf 63' lang='lat' dir='ltr'><strong>ad.</strong></span> 
     </span>
     <span class='ocr_line' id='line_1_12' title="bbox 383 1516 465 1572; baseline 0 0"><span class='ocrx_word' id='word_1_97' title='bbox 383 1516 465 1572; x_wconf 75' lang='lat' dir='ltr'><strong>ditun</strong></span> 
     </span>
    </p>

    <p class='ocr_par' dir='ltr' id='par_1_6' title="bbox 382 1590 1510 1955">
     <span class='ocr_line' id='line_1_13' title="bbox 406 1590 1510 1679; baseline -0.001 -17"><span class='ocrx_word' id='word_1_98' title='bbox 406 1590 408 1594; x_wconf 28' lang='lat'>⁵</span> <span class='ocrx_word' id='word_1_99' title='bbox 422 1608 550 1662; x_wconf 84' lang='lat' dir='ltr'><strong>Drusilla</strong></span> <span class='ocrx_word' id='word_1_100' title='bbox 562 1617 636 1662; x_wconf 76' lang='lat' dir='ltr'><strong>nant.</strong></span> <span class='ocrx_word' id='word_1_101' title='bbox 650 1605 730 1661; x_wconf 79' lang='lat' dir='ltr'><strong>Livia</strong></span> <span class='ocrx_word' id='word_1_102' title='bbox 745 1603 869 1659; x_wconf 84' lang='lat' dir='ltr'><strong>Drusilla</strong></span> <span class='ocrx_word' id='word_1_103' title='bbox 884 1603 1004 1658; x_wconf 86' lang='lat' dir='ltr'><strong>duorum</strong></span> <span class='ocrx_word' id='word_1_104' title='bbox 1018 1604 1163 1659; x_wconf 84' lang='lat' dir='ltr'><strong>Neronum</strong></span> <span class='ocrx_word' id='word_1_105' title='bbox 1179 1613 1270 1660; x_wconf 88' lang='lat' dir='ltr'><strong>mater</strong></span> <span class='ocrx_word' id='word_1_106' title='bbox 1282 1617 1358 1673; x_wconf 85' lang='lat' dir='ltr'><strong>erat,</strong></span> <span class='ocrx_word' id='word_1_107' title='bbox 1372 1608 1419 1679; x_wconf 88' lang='lat' dir='ltr'><strong>qui</strong></span> <span class='ocrx_word' id='word_1_108' title='bbox 1509 1649 1510 1672; x_wconf 54' lang='lat'>2</span> 
     </span>
     <span class='ocr_line' id='line_1_14' title="bbox 382 1681 1416 1772; baseline 0.002 -19"><span class='ocrx_word' id='word_1_109' title='bbox 382 1698 555 1772; x_wconf 73' lang='lat' dir='ltr'><strong>praenomine</strong></span> <span class='ocrx_word' id='word_1_110' title='bbox 574 1697 676 1765; x_wconf 87' lang='lat' dir='ltr'><strong>Drusi,</strong></span> <span class='ocrx_word' id='word_1_111' title='bbox 701 1689 870 1769; x_wconf 82' lang='lat' dir='ltr'><strong>cognomine</strong></span> <span class='ocrx_word' id='word_1_112' title='bbox 891 1681 1017 1765; x_wconf 83' lang='lat' dir='ltr'><strong>Tiberii,</strong></span> <span class='ocrx_word' id='word_1_113' title='bbox 1042 1714 1058 1749; x_wconf 89' lang='lat' dir='ltr'><strong>a</strong></span> <span class='ocrx_word' id='word_1_114' title='bbox 1080 1714 1110 1751; x_wconf 89' lang='lat' dir='ltr'><strong>se</strong></span> <span class='ocrx_word' id='word_1_115' title='bbox 1132 1695 1254 1751; x_wconf 84' lang='lat' dir='ltr'><strong>invicem</strong></span> <span class='ocrx_word' id='word_1_116' title='bbox 1276 1697 1416 1755; x_wconf 84' lang='lat' dir='ltr'><strong>discerne-</strong></span> 
     </span>
     <span class='ocr_line' id='line_1_15' title="bbox 384 1787 1510 1864; baseline 0.004 -20"><span class='ocrx_word' id='word_1_117' title='bbox 384 1790 493 1846; x_wconf 84' lang='lat' dir='ltr'><strong>bantur.</strong></span> <span class='ocrx_word' id='word_1_118' title='bbox 517 1789 588 1846; x_wconf 82' lang='lat' dir='ltr'><strong>Vide</strong></span> <span class='ocrx_word' id='word_1_119' title='bbox 605 1799 732 1864; x_wconf 44' lang='lat' dir='ltr'><strong>stemma,</strong></span> <span class='ocrx_word' id='word_1_120' title='bbox 741 1787 841 1842; x_wconf 88' lang='lat' dir='ltr'><strong>domus</strong></span> <span class='ocrx_word' id='word_1_121' title='bbox 860 1790 1021 1860; x_wconf 70' lang='lat' dir='ltr'><strong>tugtnuae,</strong></span> <span class='ocrx_word' id='word_1_122' title='bbox 1037 1788 1116 1861; x_wconf 87' lang='lat' dir='ltr'><strong>quod</strong></span> <span class='ocrx_word' id='word_1_123' title='bbox 1134 1788 1233 1843; x_wconf 82' lang='lat' dir='ltr'><strong>Tacito</strong></span> <span class='ocrx_word' id='word_1_124' title='bbox 1252 1807 1303 1846; x_wconf 91' lang='lat' dir='ltr'><strong>suo</strong></span> <span class='ocrx_word' id='word_1_125' title='bbox 1330 1789 1416 1846; x_wconf 86' lang='lat' dir='ltr'><strong>affixit</strong></span> <span class='ocrx_word' id='word_1_126' title='bbox 1509 1843 1510 1848; x_wconf 73' lang='grc'>,</span> 
     </span>
     <span class='ocr_line' id='line_1_16' title="bbox 383 1879 1510 1955; baseline 0.001 -21"><span class='ocrx_word' id='word_1_127' title='bbox 383 1882 475 1936; x_wconf 84' lang='lat' dir='ltr'><strong>Iustus</strong></span> <span class='ocrx_word' id='word_1_128' title='bbox 491 1879 612 1955; x_wconf 88' lang='lat' dir='ltr'><strong>Lipsius.</strong></span> <span class='ocrx_word' id='word_1_129' title='bbox 1509 1879 1510 1902; x_wconf 64' lang='lat'>¹</span> 
     </span>
    </p>

    <p class='ocr_par' dir='ltr' id='par_1_7' title="bbox 300 1969 1510 2776">
     <span class='ocr_line' id='line_1_17' title="bbox 300 1969 1510 2046; baseline 0.002 -20"><span class='ocrx_word' id='word_1_130' title='bbox 300 1981 303 1986; x_wconf 83' lang='lat'>&#39;</span> <span class='ocrx_word' id='word_1_131' title='bbox 400 1976 401 1981; x_wconf 77' lang='grc'>’</span> <span class='ocrx_word' id='word_1_132' title='bbox 421 1973 645 2028; x_wconf 77' lang='lat' dir='ltr'><strong>Cer.XX.Jovis</strong></span> <span class='ocrx_word' id='word_1_133' title='bbox 659 1972 779 2026; x_wconf 68' lang='lat' dir='ltr'><strong>Feretrii</strong></span> <span class='ocrx_word' id='word_1_134' title='bbox 790 1970 899 2044; x_wconf 87' lang='lat' dir='ltr'><strong>Jupiter</strong></span> <span class='ocrx_word' id='word_1_135' title='bbox 915 1989 976 2026; x_wconf 90' lang='lat' dir='ltr'><strong>non</strong></span> <span class='ocrx_word' id='word_1_136' title='bbox 995 1969 1034 2025; x_wconf 90' lang='lat' dir='ltr'><strong>ita</strong></span> <span class='ocrx_word' id='word_1_137' title='bbox 1049 1971 1264 2045; x_wconf 79' lang='lat' dir='ltr'><strong>cognominatus</strong></span> <span class='ocrx_word' id='word_1_138' title='bbox 1281 1984 1324 2028; x_wconf 90' lang='lat' dir='ltr'><strong>est</strong></span> <span class='ocrx_word' id='word_1_139' title='bbox 1340 1992 1357 2028; x_wconf 86' lang='lat' dir='ltr'><strong>a</strong></span> <span class='ocrx_word' id='word_1_140' title='bbox 1365 1973 1414 2044; x_wconf 83' lang='lat' dir='ltr'><strong>se-</strong></span> <span class='ocrx_word' id='word_1_141' title='bbox 1509 2025 1510 2046; x_wconf 24' lang='grc' dir='ltr'>ἢ</span> 
     </span>
     <span class='ocr_line' id='line_1_18' title="bbox 382 2062 1416 2139; baseline -0.002 -17"><span class='ocrx_word' id='word_1_142' title='bbox 382 2068 468 2122; x_wconf 80' lang='lat' dir='ltr'><strong>tendo</strong></span> <span class='ocrx_word' id='word_1_143' title='bbox 488 2084 586 2139; x_wconf 83' lang='lat' dir='ltr'><strong>pacem</strong></span> <span class='ocrx_word' id='word_1_144' title='bbox 605 2074 652 2120; x_wconf 85' lang='lat' dir='ltr'><strong>aut</strong></span> <span class='ocrx_word' id='word_1_145' title='bbox 665 2063 797 2135; x_wconf 80' lang='lat' dir='ltr'><strong>feriendo</strong></span> <span class='ocrx_word' id='word_1_146' title='bbox 816 2062 919 2129; x_wconf 89' lang='lat' dir='ltr'><strong>foedus,</strong></span> <span class='ocrx_word' id='word_1_147' title='bbox 935 2072 966 2117; x_wconf 89' lang='lat' dir='ltr'><strong>ut</strong></span> <span class='ocrx_word' id='word_1_148' title='bbox 986 2063 1100 2136; x_wconf 78' lang='lat' dir='ltr'><strong>qrridem</strong></span> <span class='ocrx_word' id='word_1_149' title='bbox 1117 2065 1232 2134; x_wconf 82' lang='lat' dir='ltr'><strong>voltmt,</strong></span> <span class='ocrx_word' id='word_1_150' title='bbox 1249 2065 1314 2134; x_wconf 90' lang='lat' dir='ltr'><strong>sed,</strong></span> <span class='ocrx_word' id='word_1_151' title='bbox 1331 2076 1362 2120; x_wconf 89' lang='lat' dir='ltr'><strong>ut</strong></span> <span class='ocrx_word' id='word_1_152' title='bbox 1379 2066 1416 2120; x_wconf 84' lang='lat' dir='ltr'><strong>ait</strong></span> 
     </span>
     <span class='ocr_line' id='line_1_19' title="bbox 381 2153 1510 2230; baseline -0.002 -16"><span class='ocrx_word' id='word_1_153' title='bbox 381 2158 492 2224; x_wconf 88' lang='lat' dir='ltr'><strong>Livius,</strong></span> <span class='ocrx_word' id='word_1_154' title='bbox 511 2157 604 2226; x_wconf 85' lang='lat' dir='ltr'><strong>libr,</strong></span> <span class='ocrx_word' id='word_1_155' title='bbox 621 2156 698 2230; x_wconf 91' lang='lat' dir='ltr'><strong>quod</strong></span> <span class='ocrx_word' id='word_1_156' title='bbox 716 2155 866 2224; x_wconf 83' lang='lat' dir='ltr'><strong>Romulus,</strong></span> <span class='ocrx_word' id='word_1_157' title='bbox 884 2153 954 2209; x_wconf 86' lang='lat' dir='ltr'><strong>du&#39;ce</strong></span> <span class='ocrx_word' id='word_1_158' title='bbox 966 2154 1091 2210; x_wconf 91' lang='lat' dir='ltr'><strong>bostium</strong></span> <span class='ocrx_word' id='word_1_159' title='bbox 1108 2155 1214 2226; x_wconf 86' lang='lat' dir='ltr'><strong>occiso,</strong></span> <span class='ocrx_word' id='word_1_160' title='bbox 1228 2157 1322 2230; x_wconf 82' lang='lat' dir='ltr'><strong>spoba</strong></span> <span class='ocrx_word' id='word_1_161' title='bbox 1337 2157 1416 2229; x_wconf 82' lang='lat' dir='ltr'><strong>hujus</strong></span> <span class='ocrx_word' id='word_1_162' title='bbox 1509 2191 1510 2216; x_wconf 51' lang='lat' dir='ltr'><strong>l</strong></span> 
     </span>
     <span class='ocr_line' id='line_1_20' title="bbox 382 2241 1416 2324; baseline -0.002 -19"><span class='ocrx_word' id='word_1_163' title='bbox 382 2250 458 2305; x_wconf 89' lang='lat' dir='ltr'><strong>ducis</strong></span> <span class='ocrx_word' id='word_1_164' title='bbox 476 2247 539 2304; x_wconf 82' lang='lat' dir='ltr'><strong>caesi</strong></span> <span class='ocrx_word' id='word_1_165' title='bbox 552 2265 700 2321; x_wconf 88' lang='lat' dir='ltr'><strong>suspensa,</strong></span> <span class='ocrx_word' id='word_1_166' title='bbox 713 2245 849 2302; x_wconf 88' lang='lat' dir='ltr'><strong>fabricato</strong></span> <span class='ocrx_word' id='word_1_167' title='bbox 863 2245 900 2302; x_wconf 88' lang='lat' dir='ltr'><strong>ad</strong></span> <span class='ocrx_word' id='word_1_168' title='bbox 914 2241 945 2302; x_wconf 87' lang='lat' dir='ltr'><strong>id</strong></span> <span class='ocrx_word' id='word_1_169' title='bbox 962 2257 1026 2320; x_wconf 87' lang='lat' dir='ltr'><strong>apte</strong></span> <span class='ocrx_word' id='word_1_170' title='bbox 1034 2246 1142 2318; x_wconf 74' lang='lat' dir='ltr'><strong>feretro</strong></span> <span class='ocrx_word' id='word_1_171' title='bbox 1159 2264 1275 2324; x_wconf 85' lang='lat' dir='ltr'><strong>gerens,</strong></span> <span class='ocrx_word' id='word_1_172' title='bbox 1288 2248 1319 2302; x_wconf 92' lang='lat' dir='ltr'><strong>in</strong></span> <span class='ocrx_word' id='word_1_173' title='bbox 1334 2248 1416 2321; x_wconf 90' lang='lat' dir='ltr'><strong>Capi-</strong></span> 
     </span>
     <span class='ocr_line' id='line_1_21' title="bbox 382 2337 1414 2412; baseline -0.002 -16"><span class='ocrx_word' id='word_1_174' title='bbox 382 2341 481 2396; x_wconf 90' lang='lat' dir='ltr'><strong>tolium</strong></span> <span class='ocrx_word' id='word_1_175' title='bbox 506 2339 674 2407; x_wconf 87' lang='lat' dir='ltr'><strong>ascenderit,</strong></span> <span class='ocrx_word' id='word_1_176' title='bbox 692 2337 789 2410; x_wconf 89' lang='lat' dir='ltr'><strong>ibique</strong></span> <span class='ocrx_word' id='word_1_177' title='bbox 810 2338 846 2392; x_wconf 88' lang='lat' dir='ltr'><strong>ad</strong></span> <span class='ocrx_word' id='word_1_178' title='bbox 864 2353 1007 2411; x_wconf 83' lang='lat' dir='ltr'><strong>quereum·</strong></span> <span class='ocrx_word' id='word_1_179' title='bbox 1018 2338 1177 2411; x_wconf 88' lang='lat' dir='ltr'><strong>pastoribus</strong></span> <span class='ocrx_word' id='word_1_180' title='bbox 1198 2357 1306 2395; x_wconf 86' lang='lat' dir='ltr'><strong>sacram</strong></span> <span class='ocrx_word' id='word_1_181' title='bbox 1323 2339 1414 2412; x_wconf 85' lang='lat' dir='ltr'><strong>depo-</strong></span> 
     </span>
     <span class='ocr_line' id='line_1_22' title="bbox 381 2427 1417 2504; baseline -0.002 -18"><span class='ocrx_word' id='word_1_182' title='bbox 381 2432 474 2502; x_wconf 83' lang='lat' dir='ltr'><strong>suerit.</strong></span> <span class='ocrx_word' id='word_1_183' title='bbox 497 2436 521 2486; x_wconf 77' lang='lat' dir='ltr'>A</span> <span class='ocrx_word' id='word_1_184' title='bbox 532 2429 671 2503; x_wconf 68' lang='lat' dir='ltr'><strong>sbretmm</strong></span> <span class='ocrx_word' id='word_1_185' title='bbox 692 2429 777 2504; x_wconf 86' lang='lat' dir='ltr'><strong>igitur</strong></span> <span class='ocrx_word' id='word_1_186' title='bbox 798 2427 967 2500; x_wconf 87' lang='lat' dir='ltr'><strong>adjectivum</strong></span> <span class='ocrx_word' id='word_1_187' title='bbox 980 2427 1115 2501; x_wconf 71' lang='lat' dir='ltr'><strong>serenius</strong></span> <span class='ocrx_word' id='word_1_188' title='bbox 1136 2430 1293 2486; x_wconf 86' lang='lat' dir='ltr'><strong>derivatum</strong></span> <span class='ocrx_word' id='word_1_189' title='bbox 1318 2441 1373 2500; x_wconf 90' lang='lat' dir='ltr'><strong>est;</strong></span> <span class='ocrx_word' id='word_1_190' title='bbox 1390 2442 1417 2487; x_wconf 88' lang='lat' dir='ltr'><strong>et</strong></span> 
     </span>
     <span class='ocr_line' id='line_1_23' title="bbox 382 2519 1416 2597; baseline -0.003 -18"><span class='ocrx_word' id='word_1_191' title='bbox 382 2522 491 2597; x_wconf 88' lang='lat' dir='ltr'><strong>Jupiter</strong></span> <span class='ocrx_word' id='word_1_192' title='bbox 499 2522 636 2578; x_wconf 83' lang='lat' dir='ltr'><strong>Feretrius</strong></span> <span class='ocrx_word' id='word_1_193' title='bbox 644 2521 719 2576; x_wconf 90' lang='lat' dir='ltr'><strong>idem</strong></span> <span class='ocrx_word' id='word_1_194' title='bbox 734 2531 776 2575; x_wconf 91' lang='lat' dir='ltr'><strong>est</strong></span> <span class='ocrx_word' id='word_1_195' title='bbox 792 2538 824 2576; x_wconf 82' lang='lat' dir='ltr'><strong>ac</strong></span> <span class='ocrx_word' id='word_1_196' title='bbox 839 2519 950 2594; x_wconf 89' lang='lat' dir='ltr'><strong>Jupiter</strong></span> <span class='ocrx_word' id='word_1_197' title='bbox 961 2520 1085 2595; x_wconf 81' lang='lat' dir='ltr'><strong>Stygius,</strong></span> <span class='ocrx_word' id='word_1_198' title='bbox 1094 2521 1236 2592; x_wconf 86' lang='lat' dir='ltr'><strong>Infemus,</strong></span> <span class='ocrx_word' id='word_1_199' title='bbox 1250 2524 1416 2578; x_wconf 87' lang='lat' dir='ltr'><strong>Summanus</strong></span> 
     </span>
     <span class='ocr_line' id='line_1_24' title="bbox 383 2610 1418 2686; baseline 0 -17"><span class='ocrx_word' id='word_1_200' title='bbox 383 2615 427 2672; x_wconf 83' lang='lat' dir='ltr'><strong>vel</strong></span> <span class='ocrx_word' id='word_1_201' title='bbox 443 2613 631 2670; x_wconf 82' lang='lat' dir='ltr'><strong>ManiumDe</strong></span> <span class='ocrx_word' id='word_1_202' title='bbox 648 2612 754 2686; x_wconf 88' lang='lat' dir='ltr'><strong>templo</strong></span> <span class='ocrx_word' id='word_1_203' title='bbox 769 2611 847 2667; x_wconf 80' lang='lat' dir='ltr'><strong>Iovis</strong></span> <span class='ocrx_word' id='word_1_204' title='bbox 856 2610 985 2681; x_wconf 79' lang='lat' dir='ltr'><strong>Feretrii,</strong></span> <span class='ocrx_word' id='word_1_205' title='bbox 1000 2612 1068 2667; x_wconf 65' lang='lat' dir='ltr'><strong>vtile</strong></span> <span class='ocrx_word' id='word_1_206' title='bbox 1084 2614 1214 2683; x_wconf 77' lang='lat' dir='ltr'><strong>Lrvrnu,</strong></span> <span class='ocrx_word' id='word_1_207' title='bbox 1232 2633 1260 2684; x_wconf 91' lang='lat'><strong>1,</strong></span> <span class='ocrx_word' id='word_1_208' title='bbox 1278 2623 1329 2684; x_wconf 78' lang='grc' dir='ltr'><strong>ιο;Ι</strong></span> <span class='ocrx_word' id='word_1_209' title='bbox 1345 2615 1418 2669; x_wconf 61' lang='lat' dir='ltr'><strong>tus</strong></span> 
     </span>
     <span class='ocr_line' id='line_1_25' title="bbox 381 2703 970 2776; baseline -0.003 -16"><span class='ocrx_word' id='word_1_210' title='bbox 381 2723 454 2776; x_wconf 82' lang='lat' dir='ltr'><strong>unu,</strong></span> <span class='ocrx_word' id='word_1_211' title='bbox 473 2724 500 2775; x_wconf 89' lang='lat'><strong>1,</strong></span> <span class='ocrx_word' id='word_1_212' title='bbox 521 2725 548 2776; x_wconf 78' lang='lat'><strong>13</strong></span> <span class='ocrx_word' id='word_1_213' title='bbox 565 2707 634 2759; x_wconf 75' lang='lat' dir='ltr'><strong>Van.</strong></span> <span class='ocrx_word' id='word_1_214' title='bbox 647 2705 807 2773; x_wconf 75' lang='lat' dir='ltr'><strong>Marruuii,</strong></span> <span class='ocrx_word' id='word_1_215' title='bbox 826 2722 878 2772; x_wconf 87' lang='lat'><strong>111,</strong></span> <span class='ocrx_word' id='word_1_216' title='bbox 894 2721 926 2772; x_wconf 77' lang='lat' dir='ltr'><strong>a,</strong></span> <span class='ocrx_word' id='word_1_217' title='bbox 945 2703 970 2758; x_wconf 81' lang='lat'><strong>3.</strong></span> 
     </span>
    </p>

    <p class='ocr_par' dir='ltr' id='par_1_8' title="bbox 415 2795 1418 2872">
     <span class='ocr_line' id='line_1_26' title="bbox 415 2795 1418 2872; baseline -0.002 -16"><span class='ocrx_word' id='word_1_218' title='bbox 415 2800 470 2858; x_wconf 66' lang='lat' dir='ltr'><strong>Ee</strong></span> <span class='ocrx_word' id='word_1_219' title='bbox 484 2797 590 2854; x_wconf 83' lang='lat' dir='ltr'><strong>ultimis</strong></span> <span class='ocrx_word' id='word_1_220' title='bbox 602 2798 683 2852; x_wconf 72' lang='lat' dir='ltr'><strong>tenu.</strong></span> <span class='ocrx_word' id='word_1_221' title='bbox 698 2795 733 2851; x_wconf 94' lang='lat' dir='ltr'><strong>Id</strong></span> <span class='ocrx_word' id='word_1_222' title='bbox 745 2807 800 2864; x_wconf 88' lang='lat' dir='ltr'><strong>est,</strong></span> <span class='ocrx_word' id='word_1_223' title='bbox 813 2806 844 2850; x_wconf 93' lang='lat' dir='ltr'><strong>ut</strong></span> <span class='ocrx_word' id='word_1_224' title='bbox 854 2795 1053 2868; x_wconf 87' lang='lat' dir='ltr'><strong>interpretatur</strong></span> <span class='ocrx_word' id='word_1_225' title='bbox 1062 2795 1218 2866; x_wconf 84' lang='lat' dir='ltr'><strong>Manutius,</strong></span> <span class='ocrx_word' id='word_1_226' title='bbox 1231 2814 1268 2852; x_wconf 88' lang='lat' dir='ltr'><strong>ex</strong></span> <span class='ocrx_word' id='word_1_227' title='bbox 1283 2798 1418 2872; x_wconf 80' lang='lat' dir='ltr'><strong>AEgypto.</strong></span> 
     </span>
    </p>

    <p class='ocr_par' dir='ltr' id='par_1_9' title="bbox 277 2886 1419 3312">
     <span class='ocr_line' id='line_1_27' title="bbox 380 2886 1419 2964; baseline -0.001 -17"><span class='ocrx_word' id='word_1_228' title='bbox 380 2891 435 2947; x_wconf 77' lang='lat' dir='ltr'><strong>Alii</strong></span> <span class='ocrx_word' id='word_1_229' title='bbox 455 2892 553 2964; x_wconf 82' lang='lat' dir='ltr'><strong>legtmt</strong></span> <span class='ocrx_word' id='word_1_230' title='bbox 573 2892 642 2943; x_wconf 71' lang='lat' dir='ltr'><strong>exul</strong></span> <span class='ocrx_word' id='word_1_231' title='bbox 664 2899 722 2942; x_wconf 89' lang='lat' dir='ltr'><strong>tum</strong></span> <span class='ocrx_word' id='word_1_232' title='bbox 743 2887 787 2942; x_wconf 83' lang='lat' dir='ltr'><strong>lu‘s</strong></span> <span class='ocrx_word' id='word_1_233' title='bbox 807 2889 901 2953; x_wconf 75' lang='lat' dir='ltr'><strong>terris,-</strong></span> <span class='ocrx_word' id='word_1_234' title='bbox 921 2886 986 2959; x_wconf 88' lang='lat' dir='ltr'><strong>quia</strong></span> <span class='ocrx_word' id='word_1_235' title='bbox 1009 2888 1098 2943; x_wconf 88' lang='lat' dir='ltr'><strong>hostis</strong></span> <span class='ocrx_word' id='word_1_236' title='bbox 1117 2887 1257 2960; x_wconf 84' lang='lat' dir='ltr'><strong>judicatus</strong></span> <span class='ocrx_word' id='word_1_237' title='bbox 1278 2891 1419 2946; x_wconf 79' lang='lat' dir='ltr'><strong>Antonius</strong></span> 
     </span>
     <span class='ocr_line' id='line_1_28' title="bbox 380 2981 985 3039; baseline 0.008 -5"><span class='ocrx_word' id='word_1_238' title='bbox 380 2981 462 3035; x_wconf 89' lang='lat' dir='ltr'><strong>Italia</strong></span> <span class='ocrx_word' id='word_1_239' title='bbox 479 2981 605 3035; x_wconf 84' lang='lat' dir='ltr'><strong>cesserat.</strong></span> <span class='ocrx_word' id='word_1_240' title='bbox 983 3032 985 3039; x_wconf 92' lang='lat'><strong>.</strong></span> 
     </span>
     <span class='ocr_line' id='line_1_29' title="bbox 419 3069 1418 3140; baseline 0.006 -15"><span class='ocrx_word' id='word_1_241' title='bbox 419 3071 482 3125; x_wconf 71' lang='lat' dir='ltr'><strong>en.</strong></span> <span class='ocrx_word' id='word_1_242' title='bbox 500 3070 595 3124; x_wconf 85' lang='lat' dir='ltr'><strong>XXII.</strong></span> <span class='ocrx_word' id='word_1_243' title='bbox 613 3070 744 3125; x_wconf 83' lang='lat' dir='ltr'><strong>Decessit.</strong></span> <span class='ocrx_word' id='word_1_244' title='bbox 762 3071 844 3125; x_wconf 81' lang='lat' dir='ltr'><strong>Anno</strong></span> <span class='ocrx_word' id='word_1_245' title='bbox 862 3069 939 3125; x_wconf 89' lang='lat' dir='ltr'><strong>urbis</strong></span> <span class='ocrx_word' id='word_1_246' title='bbox 956 3069 1077 3126; x_wconf 80' lang='lat' dir='ltr'><strong>conditae</strong></span> <span class='ocrx_word' id='word_1_247' title='bbox 1096 3087 1160 3140; x_wconf 81' lang='lat'><strong>7²1·</strong></span> <span class='ocrx_word' id='word_1_248' title='bbox 1175 3071 1316 3129; x_wconf 86' lang='lat' dir='ltr'><strong>Triennio</strong></span> <span class='ocrx_word' id='word_1_249' title='bbox 1334 3087 1418 3131; x_wconf 77' lang='lat' dir='ltr'><strong>naurs</strong></span> 
     </span>
     <span class='ocr_line' id='line_1_30' title="bbox 277 3161 1419 3240; baseline 0.005 -23"><span class='ocrx_word' id='word_1_250' title='bbox 277 3171 281 3182; x_wconf 92' lang='lat'>&#39;</span> <span class='ocrx_word' id='word_1_251' title='bbox 380 3172 440 3218; x_wconf 88' lang='lat' dir='ltr'><strong>erat</strong></span> <span class='ocrx_word' id='word_1_252' title='bbox 455 3161 561 3218; x_wconf 82' lang='lat' dir='ltr'><strong>Atticus</strong></span> <span class='ocrx_word' id='word_1_253' title='bbox 577 3169 641 3216; x_wconf 86' lang='lat' dir='ltr'><strong>ante</strong></span> <span class='ocrx_word' id='word_1_254' title='bbox 662 3161 786 3216; x_wconf 85' lang='lat' dir='ltr'><strong>Tullium</strong></span> <span class='ocrx_word' id='word_1_255' title='bbox 803 3162 1045 3232; x_wconf 85' lang='lat' dir='ltr'><strong>Ciceronem,cui</strong></span> <span class='ocrx_word' id='word_1_256' title='bbox 1061 3162 1191 3218; x_wconf 89' lang='lat' dir='ltr'><strong>undecim</strong></span> <span class='ocrx_word' id='word_1_257' title='bbox 1206 3183 1296 3222; x_wconf 86' lang='lat' dir='ltr'><strong>annos</strong></span> <span class='ocrx_word' id='word_1_258' title='bbox 1314 3185 1419 3240; x_wconf 88' lang='lat' dir='ltr'><strong>super-</strong></span> 
     </span>
     <span class='ocr_line' id='line_1_31' title="bbox 379 3254 506 3312; baseline 0.008 -3"><span class='ocrx_word' id='word_1_259' title='bbox 379 3265 434 3312; x_wconf 85' lang='lat' dir='ltr'><strong>stes</strong></span> <span class='ocrx_word' id='word_1_260' title='bbox 447 3254 506 3310; x_wconf 79' lang='lat' dir='ltr'><strong>tuit.</strong></span> 
     </span>
    </p>

    <p class='ocr_par' dir='ltr' id='par_1_10' title="bbox 380 3325 1421 3516">
     <span class='ocr_line' id='line_1_32' title="bbox 418 3325 1421 3419; baseline 0.005 -19"><span class='ocrx_word' id='word_1_261' title='bbox 418 3349 454 3400; x_wconf 85' lang='lat' dir='ltr'><strong>In</strong></span> <span class='ocrx_word' id='word_1_262' title='bbox 472 3345 607 3400; x_wconf 81' lang='lat' dir='ltr'><strong>lecticula.</strong></span> <span class='ocrx_word' id='word_1_263' title='bbox 624 3344 765 3400; x_wconf 65' lang='lat' dir='ltr'><strong>Mcticula</strong></span> <span class='ocrx_word' id='word_1_264' title='bbox 788 3344 893 3402; x_wconf 86' lang='lat' dir='ltr'><strong>scilicet</strong></span> <span class='ocrx_word' id='word_1_265' title='bbox 913 3345 1038 3416; x_wconf 80' lang='lat' dir='ltr'><strong>funebri,</strong></span> <span class='ocrx_word' id='word_1_266' title='bbox 1052 3325 1216 3405; x_wconf 76' lang='lat' dir='ltr'><strong>nobiliores</strong></span> <span class='ocrx_word' id='word_1_267' title='bbox 1238 3361 1266 3407; x_wconf 88' lang='lat' dir='ltr'><strong>et</strong></span> <span class='ocrx_word' id='word_1_268' title='bbox 1283 3350 1421 3419; x_wconf 72' lang='lat' dir='ltr'><strong>ditiores,</strong></span> 
     </span>
     <span class='ocr_line' id='line_1_33' title="bbox 380 3435 975 3516; baseline -0.005 -22"><span class='ocrx_word' id='word_1_269' title='bbox 380 3439 466 3494; x_wconf 87' lang='lat' dir='ltr'><strong>ceteri</strong></span> <span class='ocrx_word' id='word_1_270' title='bbox 487 3436 643 3512; x_wconf 68' lang='lat' dir='ltr'><strong>sandapila</strong></span> <span class='ocrx_word' id='word_1_271' title='bbox 660 3435 857 3492; x_wconf 82' lang='lat' dir='ltr'><strong>efferebantur.</strong></span> <span class='ocrx_word' id='word_1_272' title='bbox 974 3512 975 3516; x_wconf 6' lang='grc' dir='ltr'><strong>Ἰ</strong></span> 
     </span>
    </p>

    <p class='ocr_par' dir='ltr' id='par_1_11' title="bbox 379 3527 1464 3688">
     <span class='ocr_line' id='line_1_34' title="bbox 417 3527 1464 3616; baseline 0.008 -33"><span class='ocrx_word' id='word_1_273' title='bbox 417 3527 501 3583; x_wconf 83' lang='lat' dir='ltr'><strong>Attici</strong></span> <span class='ocrx_word' id='word_1_274' title='bbox 509 3527 1422 3616; x_wconf 70' lang='lat' dir='ltr'><strong>meminereCieeropassim,Seneea,Plinius,Hirt.nat.,Varro,</strong></span> <span class='ocrx_word' id='word_1_275' title='bbox 1461 3551 1464 3556; x_wconf 78' lang='grc'><strong><em>’</em></strong></span> 
     </span>
     <span class='ocr_line' id='line_1_35' title="bbox 379 3619 613 3688; baseline -0.013 -12"><span class='ocrx_word' id='word_1_276' title='bbox 379 3619 543 3688; x_wconf 87' lang='lat' dir='ltr'><strong>Suetonius,</strong></span> <span class='ocrx_word' id='word_1_277' title='bbox 561 3628 613 3674; x_wconf 90' lang='lat' dir='ltr'><strong>etc.</strong></span> 
     </span>
    </p>
   </div>
   <div class='ocr_carea' id='block_1_3' title="bbox 0 0 1562 5030">
    <p class='ocr_par' dir='ltr' id='par_1_12' title="bbox 0 0 1562 5030">
     <span class='ocr_line' id='line_1_36' title="bbox 0 0 1562 5030; baseline 0 0"><span class='ocrx_word' id='word_1_278' title='bbox 0 0 1562 5030; x_wconf 95' lang='lat' dir='ltr'><strong> </strong></span> 
     </span>
    </p>
   </div>
  </div>
 </body>
</html>
