3114 5032
383 459 440 518 aio
654 463 705 518 hl)
725 463 948 520 CORNELIUM
967 463 1146 518 NEPOTEM

766 663 805 707 nt
829 661 1023 708 ennuntiat.

421 825 486 882 en.
504 825 556 880 111.
576 823 736 880 Timotheus
752 823 843 878 Lesbi.
864 821 986 892 Lesbos,
1000 821 1085 877 maris
1102 821 1188 896 AEgcei
1206 823 1319 893 insola;
1337 823 1419 879 hodie

381 919 508 974 Meteiin.

423 1023 529 1080 Chones
544 1024 574 1078 in
585 1023 687 1098 Sigoeo.
706 1020 840 1096 Signum,
853 1017 1080 1095 promontorium
1096 1019 1232 1088 Troadis,
1252 1030 1284 1075 et
1294 1019 1417 1092 ejusdem

380 1116 506 1172 nominis
520 1114 675 1190 oppidum,
690 1113 735 1170 cui
754 1131 857 1170 nomen
867 1121 964 1186 postea
979 1111 1033 1166 luit
1046 1112 1196 1180 Gonrlioi,
1212 1121 1240 1166 et
1249 1112 1345 1169 hodie
1360 1113 1420 1167 leni

380 1207 495 1274 Hisnri,
510 1225 559 1263 seu
573 1206 724 1263 lanienari.
1155 1200 1157 1206 ’

418 1299 483 1355 Cur.
501 1301 550 1355 IV.
573 1299 788 1373 oppugnabant
809 1298 994 1353 Athenienses
1023 1294 1132 1351 Chium.
1150 1294 1254 1366 Chius,
1279 1297 1381 1351 insnla'
1394 1306 1416 1350 et

381 1391 519 1467 oppidum
538 1390 608 1446 hsiae
622 1389 652 1446 iu
668 1389 739 1444 mari
752 1391 866 1464 AEgae03
880 1389 967 1445 hodie
983 1389 1062 1453 Scio,
1083 1405 1131 1443 seu
1154 1386 1234 1443 Chio.

753 1565 788 1610 lli
813 1563 1044 1618 utrumnum,

417 1714 483 1769 Car.
493 1713 516 1767 1.
531 1712 689 1785 Olynthios.
700 1712 854 1788 Olynthus,
863 1711 989 1768 'l'nmciae
1002 1710 1154 1784 oppidum,
1162 1712 1192 1767 in
1201 1712 1280 1768 sinus
1292 1713 1412 1770 anfractu

378 1804 550 1874 Toronaici3
567 1804 654 1860 hodie
670 1807 850 1880 Agiomama.

420 1895 552 1970 Cyzicum
567 1897 713 1952 obsidione
733 1897 866 1952 liberavit.
886 1897 1016 1972 Cyzicus,
1036 1895 1182 1968 peninsula
1201 1895 1239 1953 ad
1257 1897 1410 1972 Proponti-

378 1989 445 2045 dem
464 1989 496 2044 in
513 1990 581 2046 Asia
602 1990 722 2058 Minori,
742 1991 773 2044 in
786 2009 841 2065 qua
863 1991 1003 2065 oppidum
1021 1989 1146 2062 ejusdem
1168 1990 1314 2064 nominis3
1333 1991 1409 2046 hodic

380 2081 506 2150 Chiaa'co,
520 2101 569 2138 sen
583 2083 731 2140 Mitabilio
746 2099 837 2157 prope
854 2083 970 2139 Antoii.
1228 2147 1230 2152 Ι

419 2174 561 2231 Crithoten
574 2185 604 2230 et
613 2175 731 2230 Sestum.
746 2161 924 2232 Abrahamus
937 2175 1060 2232 Ortelius
1073 2178 1167 2232 locum
1181 2195 1212 2232 se
1224 2176 1358 2250 ignorare
1370 2174 1408 2228 la-

377 2276 468 2336 tetur,
486 2265 656 2340 conjicitqne
674 2266 770 2342 Abydi
790 2285 984 2342 synonymum.
1007 2269 1149 2324 Lambino
1170 2279 1198 2323 et
1215 2270 1337 2325 Schotto
1355 2266 1409 2321 heic
1491 2288 1495 2305 =

378 2377 449 2434 aqua
469 2359 570 2432 haeret,
594 2377 713 2432 quorum
738 2359 785 2414 hic
815 2360 926 2433 penitus
949 2361 1063 2418 silentio
1086 2360 1296 2435 desperationis
1323 2359 1408 2415 indice
1492 2409 1493 2412 ,

377 2451 547 2508 medicinam
566 2452 718 2508 admovere
735 2452 851 2525 insuper
869 2453 955 2509 habet
970 2473 977 2508 :
991 2453 1039 2509 ille
1057 2471 1125 2509 vero
1144 2452 1281 2509 audacior
1301 2449 1408 2525 Erythi-
1505 2513 1508 2545 Δ

377 2563 429 2600 nos
446 2545 587 2618 excogitat
599 2545 799 2619 Paphlagonia
817 2545 931 2615 urbem,
952 2548 998 2601 vel
1009 2546 1225 2620 Ctesiphontem.
1241 2547 1343 2602 Laudo
1358 2561 1406 2598 νο-

376 2638 526 2706 laxitatem,
547 2635 584 2692 de
597 2655 724 2691 successu
741 2654 828 2709 penes
847 2637 996 2709 peritiores
1005 2637 1144 2710 judicium
1159 2647 1228 2692 esto.
1243 2639 1275 2692 P.
1290 2633 1407 2693 Danielis

376 2729 523 2802 Excerpto
539 2730 646 2785 habent
673 2728 837 2784 Erithonern
855 2742 884 2785 et
901 2730 1018 2785 Scotum
1039 2741 1170 2785 :mutata
1192 2747 1263 2784 vero
1292 2727 1405 2785 littemla
1494 2727 1500 2793 ζ

253 2845 264 2864 ν
377 2820 474 2876 Gilani
487 2821 577 2876 codex
597 2820 766 2876 Crithonem.
787 2822 871 2882 Unde
889 2823 954 2895 lego
976 2842 984 2876 ε
1004 2824 1126 2894 «ltaque
1145 2821 1252 2896 accepit
1265 2821 1405 2877 Crithoten
1487 2871 1508 2923 ὣ,

376 2922 405 2965 et
422 2914 564 2968 Sestum.»
590 2915 640 2968 Est
659 2931 728 2968 vero
749 2912 871 2968 Crithote
896 2913 964 2968 urbs
984 2913 1165 2987 Hellesponti
1184 2913 1215 2968 in
1235 2913 1404 2987 Chersoneso

375 3003 516 3072 Thraciae3
539 3022 623 3076 quam
641 3015 669 3074 et
688 3004 806 3059 antehac
821 3006 1021 3075 Athenienses,
1037 3006 1174 3062 Miltiadis
1191 3006 1329 3076 comites,
1344 3012 1405 3059 teste
1490 3052 1505 3084 ιζ,

375 3093 479 3164 Suida,
504 3095 690 3152 incoluerunt.
722 3098 875 3153 Gennann.
890 3128 930 3140 --
949 3099 1062 3168 Sestos,
1089 3098 1260 3154 Chersonesi
1289 3094 1405 3154 Thracia
1485 3072 1508 3150 ii

375 3185 514 3260 oppidum
532 3188 569 3243 ad
584 3188 800 3262 Hellespontum
805 3209 813 3259 ;
835 3189 921 3244 hodie
942 3189 1081 3245 Zemenih
1225 3257 1230 3265 Ι
1484 3197 1504 3275 κη’

414 3279 479 3335 Cur.
498 3281 551 3338 111.
567 3280 732 3336 chalanem
741 3271 776 3337 ‘se
789 3283 911 3340 contulit
928 3281 1054 3350 Chalcis,
1067 3280 1134 3336 urbs
1147 3280 1178 3334 in
1196 3281 1304 3336 Eoboea
1322 3276 1403 3336 insula
1485 3266 1505 3348 ff*

374 3371 559 3446 metropolis,
575 3371 662 3430 hodie
676 3373 806 3449 Egripo,
823 3391 871 3428 sen
890 3372 976 3446 vulgo
996 3374 1168 3447 Negrepont.

771 3549 808 3594 nt
834 3549 1013 3597 nertstert.

411 3717 476 3773 ct».
493 3719 532 3773 11.
554 3717 643 3788 Quem
662 3719 800 3774 Homerus
823 3719 920 3774 Tror‘co
942 3720 1017 3774 bello
1042 3739 1063 3772 a
1080 3720 1212 3774 Patroclo
1236 3717 1400 3789 ineffectum

374 3809 425 3866 ait.
446 3811 512 3866 Non
530 3829 545 3865 a
565 3811 713 3883 Patroclo,
727 3810 778 3866 sed
794 3829 810 3864 a
829 3813 961 3868 Menelao
977 3811 1137 3868 interfectus
1153 3821 1194 3865 est
1207 3809 1255 3866 ille
1272 3811 1398 3885 Pylene·

374 3920 433 3960 nes.
446 3902 494 3962 Sic
513 3903 590 3960 enim
610 3903 712 3976 legitur
725 3900 845 3975 (Iton,
861 3895 889 3974 ν’,
907 3902 979 3980 576)
998 3924 1004 3958 :

492 4082 556 4147 tiata
569 4094 723 4162 Πυλαιμένεα
743 4094 823 4152 ἑλέτην
844 4095 978 4146 ἀτάλαντον
997 4083 1069 4162 ipat,
