3168 5048
583 457 824 516 FRAGMENTA.
1178 462 1231 516 153

251 559 498 656 «hannibalem
522 585 713 672 Marcellus,
735 601 770 653 ut
793 584 947 678 Polybius
968 601 1099 672 narrat,
1121 611 1163 654 ne
1184 613 1232 678 se-

204 705 269 772 mel
285 705 415 796 quidem
433 707 524 793 vicit3
543 705 600 774 sed
618 707 761 772 invictus
777 704 832 770 hic
850 704 899 771 vir
916 701 1014 771 fuisse
1027 703 1159 773 videtur
1180 729 1234 774 υς-

205 843 268 916 que
277 824 319 914 ad
328 825 525 916 Scipionem.
539 827 609 894 Nos
622 840 732 892 nutem
744 824 853 908 Livio,
864 833 896 890 e't
907 823 1043 906 Caesari,
1053 837 1087 892 et
1096 825 1233 916 Nepoti,

205 957 236 1010 et
263 967 301 1010 ex
327 945 438 1035 graecis
461 944 675 1035 scriptoribus
699 944 768 1036 regi
792 942 883 1010 lubae
905 942 1086 1028 credimus,
1107 941 1234 1034 aliquo.

205 1063 265 1128 ties
284 1061 502 1130 Hannibalem
517 1087 536 1130 a
552 1060 709 1130 Marcello
728 1063 853 1130 victum
870 1075 904 1128 et
920 1061 955 1128 iu
970 1059 1082 1154 fugam
1104 1085 1234 1130 versum

204 1203 312 1248 esse.»
335 1165 507 1278 Plutarch.
526 1185 571 1248 in.
593 1205 696 1275 comp.
718 1180 832 1275 Pelop.
851 1185 883 1248 et
900 1176 1059 1248 Maro‘c'.
1086 1204 1113 1248 1.

251 1301 297 1364 X:
315 1297 488 1366 Cornelius
501 1301 624 1390 Nepos,
637 1291 695 1390 'qui
710 1298 777 1366 divi
790 1299 930 1394 Augusti
941 1299 1129 1390 principatu
1142 1299 1235 1383 obiit,

206 1435 309 1508 quum
328 1415 485 1484 scriberet
510 1402 625 1490 turdos
649 1415 747 1509 paulo
764 1429 841 1484 ante
858 1430 982 1508 coeptos
1004 1417 1161 1509 saginari,
1179 1416 1236 1485 ad-

207 1533 467 1602 didit-ciconias
486 1536 588 1629 magis
613 1533 757 1628 placere,
778 1559 879 1626 quam
903 1555 1016 1628 grues,
1038 1559 1142 1626 quum
1168 1536 1236 1606 haec

207 1677 296 1721 nuuc
316 1651 380 1720 ales
400 1655 487 1722 iuter
504 1655 626 1746 primas
643 1667 826 1745 expetatur,
845 1651 934 1722 illam
948 1677 1028 1723 vero
1043 1677 1140 1722 nemo
1160 1653 1237 1722 velit

188 1771 362 1863 ‘attigisse
384 1771 528 1862 Plinius,
549 1797 588 1858 x,
610 1769 664 1842 23.

256 1890 355 1983 Apud
375 1892 527 1984 antiquos
550 1892 689 1984 piscium
709 1890 930 1962 nobilissimus
952 1891 1083 1962 habitus
1106 1891 1236 1984 acipen-

210 2034 294 2078 ser...
309 2013 426 2082 Postea
432 2012 638 2102 praecipuam
655 2010 882 2080 auctoritatem
896 2009 995 2082 fuisse
1011 2008 1090 2104 lupo
1107 2025 1140 2098 et
1155 2008 1237 2078 asel·

210 2127 262 2218 lis,
277 2128 450 2201 Cornelius
466 2132 593 2222 Nepos,
613 2144 645 2199 et
662 2128 835 2214 Laberius,
850 2143 950 2264 poeta
959 2129 1154 2214 mimorum,
1171 2143 1237 2198 tra-

210 2246 330 2318 didere.
351 2248 495 2330 Plinzus,
518 2272 572 2332 tx,
596 2273 646 2342 17.

258 2365 454 2459 Magnitudo
475 2364 544 2434 loto
564 2365 692 2452 arbori,
713 2389 785 2458 quoe
803 2366 891 2458 piro,
920 2390 1107 2458 quanquam
1126 2367 1237 2458 Nepos
1325 2375 1327 2378 ’
1358 2385 1362 2390 ’

211 2484 382 2554 Cornelius
399 2485 531 2556 brevem
544 2485 662 2554 undat.
678 2486 802 2556 Vinum
818 2509 948 2578 quoque
962 2483 1236 2577 exprimiturilli,

210 2602 316 2676 simile
333 2603 460 2692 mulso,
476 2605 566 2696 quod
585 2603 672 2674 ultra
692 2603 793 2673 denos
804 2603 878 2676 ¹dies
898 2616 996 2697 negat
1014 2603 1132 2672 durare
1150 2602 1236 2676 idem
1256 2653 1260 2660 ·

210 2725 335 2815 Nepos3
367 2724 546 2816 baccatque
572 2739 725 2792 contusas
754 2747 829 2790 cum
854 2720 936 2790 alica
964 2721 1015 2789 ad¹
1034 2722 1125 2789 cibos
1150 2720 1238 2796 dolio

210 2841 317 2916 condi.
331 2843 483 2928 Plinius,
500 2867 581 2928 xm,
601 2863 652 2937 17.

257 2961 420 3034 Scandula
444 2975 626 3033 contectam
650 2961 750 3030 fuisse
773 2965 915 3034 Romam
932 2985 1035 3053 usque
1054 2959 1096 3034 nd
1115 2958 1237 3031 bellum

210 3083 328 3174 Pyrrhi
353 3082 448 3156 aunis
473 3083 697 3164 CCCCLXX,
724 3079 896 3154 Cornelius
915 3083 1028 3172 Nepos
1040 3094 1160 3152 auctor
1177 3093 1234 3148 est.

217 3200 353 3284 Plinius,
374 3225 450 3287 avr,
477 3223 527 3268 10.

259 3317 431 3390 Cornelius
446 3320 557 3410 Nepos
572 3317 687 3402 tradit,
700 3331 775 3386 ante
791 3317 889 3386 Sullae
903 3319 1075 3387 victoriam
1089 3318 1155 3387 duo
1168 3331 1239 3384 tan·

214 3453 284 3504 tum
303 3435 445 3504 triclinia
462 3439 575 3504 Romae
593 3435 690 3504 luisse
708 3449 870 3529 argentea.
890 3436 978 3506 Ptin.
998 3459 1121 3520 xxx111,
1146 3458 1198 3503 11.

261 3559 415 3624 Primus
407 3558 535 3625 invenit
547 3556 649 3625 lineas
664 3558 823 3644 colorare,
842 3572 926 3624 testa
938 3555 990 3650 (ut
1003 3553 1133 3648 ferunt)
1146 3555 1239 3640 trita,

212 3675 436 3768 Cleophantus
448 3677 650 3745 Corinthius
661 3681 774 3764 Hunc,
787 3690 844 3744 aut
855 3674 967 3743 eodem
981 3676 1115 3742 nominc
1127 3673 1239 3758 alium,

205 3795 314 3868 tradit
330 3794 504 3864 Cornelius
521 3775 631 3888 Nepos
648 3809 795 3865 secutum
812 3796 847 3864 iu
862 3768 998 3864 Italiam
1008 3797 1238 3878 Demaratum,

212 3915 384 4017 Tarquinii
409 3916 529 4003 Prisci,
555 3917 698 3984 Romani
722 3917 823 4009 regis,
852 3930 994 4008 patrem,
1019 3914 1195 4006 fugientem
1222 3936 1241 3978 a

213 4036 375 4103 Corintho
393 4035 531 4127 iujurias
551 4033 682 4128 Cypseli
702 4035 841 4129 tyranni.
865 4035 952 4102 Plin.
973 4057 1077 4117 xxxv,
1099 4029 1130 4098 3.

1044 4173 1095 4218 11.
