3114 5032
422 447 463 504 m
483 447 595 504 viras
616 447 771 504 nxcnm.
795 447 925 504 mona.
1132 448 1190 522 239

200 569 237 622 Ut
251 573 358 648 natam
364 613 373 640 ,
388 584 439 628 etc.
454 573 493 628 Ut
505 579 664 646 nunquam,
676 571 795 629 vadibus
811 573 899 640 datis,
912 573 1098 647 comparuerit
1109 573 1139 629 in
1149 572 1194 646 ju-

158 657 241 715 dicio.

198 750 328 824 Sponsor.
347 755 452 811 Atticas
468 754 573 828 ubique
587 752 673 810 fidem
685 773 765 811 suam
779 755 954 829 interposuit.
1019 730 1025 744 .

200 842 316 900 Samia.
336 845 489 915 Paulatim,
509 848 570 916 vel,
584 846 664 919 juxta
685 847 908 920 Heusingemm,
925 844 1013 917 clam,
1033 848 1124 904 tacite.
1141 847 1196 904 Alii

157 950 254 988 sensus
271 934 331 1005 eJia
343 937 448 1011 legunt
464 937 537 992 Mihi
555 956 623 993 vero
639 939 754 992 seorsim
769 938 919 1011 legendum
936 937 1055 994 videtur.

197 1023 261 1078 Co.
275 1027 328 1082 XI.
349 1028 402 1083 Cui
415 1047 460 1083 ms
472 1030 532 1082 ullo
544 1027 673 1101 defuen't.
690 1030 758 1084 Non
773 1030 847 1085 male
862 1029 931 1084 olim
945 1021 1084 1086 editiones
1098 1029 1197 1103 aliqua

158 1131 188 1168 re
202 1116 271 1170 ulla.
287 1119 445 1175 Tnacnoca.
463 1121 550 1176 Vetus
567 1121 699 1176 lectiorc
715 1123 776 1176 ulla
793 1139 857 1176 cum
868 1122 918 1196 qui
932 1119 1002 1176 mihi
1021 1138 1134 1196 quoque
1150 1138 1197 1177 ar-

158 1205 241 1261 ridet.
990 1216 992 1220 '
1112 1259 1113 1264 ,
1151 1255 1154 1260 .

197 1301 354 1357 Mocillam.
365 1303 499 1376 Ignotum
511 1319 678 1376 cognomen.
693 1303 815 1373 Quidam
831 1301 986 1376 conjiciunt
1004 1297 1199 1368 Motacillam,
1227 1283 1230 1290 ⁴

161 1390 238 1465 quod
254 1392 313 1466 avis
335 1404 376 1449 est
399 1412 513 1449 nomen.
534 1395 577 1448 Ita
595 1393 791 1451 Tnscbuckius.
805 1396 926 1450 Mocilla
948 1414 964 1450 a
983 1411 1073 1469 groco
1092 1388 1199 1463 μόκος,

160 1473 272 1552 irrisor,
283 1485 384 1556 gallice
390 1504 524 1560 moquear
528 1526 538 1554 ,
552 1503 711 1560 cognomen
724 1486 881 1543 derivatum
895 1485 966 1543 mihi
979 1486 1102 1558 videtur,
1115 1487 1198 1543 ideo-

157 1585 215 1648 'que
227 1593 287 1630 non
294 1577 468 1633 mutandum.
482 1577 529 1634 Sic
536 1595 686 1633 annonam
697 1596 792 1634 nocco
804 1579 836 1632 in
844 1577 1029 1651 inscriptione
1038 1579 1198 1653 Lingonum

160 1667 277 1742 legitur,
285 1686 406 1742 quorum
412 1669 639 1738 nomensorte,a
652 1671 748 1744 bagua
757 1669 927 1738 derivatum,
941 1667 1199 1745 significatquilio'-

159 1778 247 1834 gaiam
259 1771 388 1828 coenent,
403 1761 550 1816 damiano
569 1779 655 1816 causo
662 1799 673 1828 ,
690 1770 721 1816 nt
733 1761 890 1827 Mercurius
904 1762 1032 1829 Moccus,
1049 1761 1100 1834 qui
1112 1760 1201 1817 adbuc

161 1851 239 1925 apud
259 1869 311 1907 nos
334 1862 452 1908 vocatur
475 1855 581 1920 Fallet,
602 1872 620 1907 a
643 1870 713 1908 voce
725 1851 800 1923 fhu,
817 1854 897 1907 Iason
915 1870 931 1907 a
947 1855 1029 1920 tum,
1050 1852 1166 1908 Gobelin
1178 1869 1201 1908 ·a

161 1944 267 2018 gaber,
285 1961 412 2017 moqner.
432 1943 506 1999 Hinc
521 1943 634 2000 Lutetia
657 1944 736 1999 locus
754 1939 830 1998 olim
845 1959 975 1999 coenosus
994 1944 1144 2000 dictus‘est
1161 1946 1202 1998 les

164 2035 297 2092 Gobelirs
303 2075 313 2102 ,
330 2035 367 2092 ad
379 2034 518 2104 Biberim,
533 2054 583 2091 seu
594 2035 686 2090 rivum
701 2036 846 2091 Castorum
856 2034 941 2105 situs,
954 2036 1002 2091 ubi
1014 2053 1111 2092 revera
1128 2035 1200 2091 Cas-

159 2141 235 2184 tores
251 2129 427 2198 colebantur,
445 2147 481 2184 ex
497 2147 546 2184 ara
562 2128 597 2184 iis
614 2138 789 2198 consecrata,
807 2138 835 2183 et
853 2128 884 2183 in
901 2129 954 2184 bac
968 2128 1040 2184 urbe
1061 2147 1133 2198 17¹¹
1153 2146 1200 2184 re·

76 2248 79 2252 ·
130 2247 134 2254 ¹
161 2231 261 2295 perta;
271 2231 298 2276 et
306 2221 356 2276 ubi
362 2220 461 2276 diebus
473 2213 574 2276 aestivis
588 2220 699 2293 vesperi
705 2219 875 2293 quandoque
890 2230 1026 2294 apparent
1034 2219 1113 2294 ignes
1123 2237 1201 2275 erra—

162 2312 229 2381 tici,
246 2312 297 2386 qni
312 2313 446 2368 Lemures
464 2331 514 2368 sen
528 2312 658 2368 Castores
671 2311 845 2368 dicebantur.

206 2404 442 2460 Samothraciam.
456 2404 519 2461 Fuit
536 2404 627 2460 insula
643 2404 729 2459 maris
746 2404 953 2486 AEgaei,‚propc
966 2404 1127 2475 Thraciam,
1143 2421 1204 2478 qoae

163 2506 226 2552 tota
240 2497 310 2552 olim
323 2515 400 2552 sacra
415 2496 587 2564 habebatur,
606 2505 634 2551 et
650 2494 717 2551 hinc
731 2498 837 2570 asylum
851 2497 1003 2570 prebebat.
1016 2499 1174 2554 Tascnocn.

204 2590 268 2646 eo.
281 2590 347 2646 XII.
360 2591 403 2644 M.
425 2588 579 2665 Vipsanius
594 2589 734 2664 Agrippa.
749 2587 834 2647 Attici
851 2605 938 2664 gener
956 2588 1022 2660 suit,
1034 2600 1066 2645 ut
1079 2589 1134 2645 fert
1151 2591 1205 2646 Se-

164 2699 241 2737 necae
256 2681 344 2754 Epist.
354 2700 416 2736 xxa.

206 2773 346 2845 Profecto
355 2773 483 2847 fatam.
500 2772 557 2842 Qui
574 2771 611 2828 ab
623 2769 749 2835 antam
765 2771 867 2842 sabra,
885 2771 987 2846 quous
1002 2772 1033 2827 in
1046 2773 1123 2829 aeuo
1135 2791 1206 2848 opus
1285 2761 1287 2765 ’

164 2876 243 2933 erat,
259 2866 349 2922 fuerat
368 2865 542 2940 praepositus.

207 2959 270 3014 cin.
280 2960 364 3015 XIII.
382 2957 611 3033 Tamphilanam.
625 2957 813 3031 ATamphilo
828 2956 951 3032 quodam
965 2974 1085 3015 romano
1099 2959 1138 3016 sic
1153 2977 1208 3014 vo-

164 3061 274 3120 catam,
290 3062 320 3106 ut
338 3050 461 3124 Syllana
474 3051 534 3118 ala,
555 3047 682 3118 factio,a
700 3048 790 3122 Sylla.

207 3146 257 3201 Ec
276 3141 463 3218 ephemeride.
483 3137 635 3212 Ἐφημιρὶς,
650 3140 737 3196 latine
760 3141 899 3213 diarium,
920 3143 1032 3198 libellus
1051 3141 1159 3216 accepti
1181 3153 1209 3198 et

166 3235 297 3310 expensi,
314 3235 429 3310 gallice,
436 3234 555 3310 jormal
565 3234 602 3289 de
616 3234 739 3306 de'pense
749 3243 777 3286 ct
791 3233 828 3286 de
843 3245 946 3288 recocto.

208 3329 272 3384 cia
285 3329 364 3384 XIV.
382 3330 533 3402 Acmama.
549 3322 705 3402 'Maleam
720 3327 884 3379 Aoroamata
900 3325 1075 3382 vocabantur
1091 3326 1140 3400 qui
1159 3346 1208 3383 re-

168 3420 366 3490 citationibus,
379 3420 518 3492 adjunctis
532 3419 616 3475 etiam
629 3429 776 3474 cantorum
785 3426 814 3472 et
828 3415 977 3470 tibicinum
991 3418 1127 3489 modulis,
1141 3437 1210 3475 con-

167 3512 297 3568 vivarum
312 3530 392 3568 aures
405 3509 591 3567 delectabant.
612 3510 684 3564 Vide
699 3511 847 3577 Parnon,
862 3506 950 3581 Epist.
967 3507 1081 3580 v1,31,
1096 3513 1210 3567 etGan-

168 3623 258 3673 uon,
272 3622 329 3672 111,
343 3621 369 3658 a.
384 3603 489 3659 Confer
504 3602 615 3658 Ernesti
630 3600 738 3656 Clavim
755 3598 975 3656 Ciceronianam

210 3694 275 3750 Car.
293 3695 354 3750 XV.
375 3695 474 3749 Mani.
494 3693 582 3749 Uncis
599 3691 759 3760 includunt,
775 3691 842 3764 quia
857 3683 935 3744 v'arie
947 3689 979 3744 in
998 3690 1078 3747 libris
1095 3694 1211 3768 legitur,

169 3783 285 3859 fideque
303 3785 402 3855 dubia,
418 3786 461 3840 M.
471 3803 525 3860 que
534 3784 680 3852 Hortensii,
694 3781 790 3836 Mami
799 3783 833 3853 Q.
847 3783 883 3836 H.
893 3782 939 3837 vel
955 3783 1101 3858 Marcique
1114 3786 1150 3840 Η.
1167 3787 1212 3842 Ex

170 3877 264 3935 Marci
274 3879 309 3949 Q.
316 3877 622 3952 quomineptumesset,
630 3885 658 3952 et
664 3874 1116 3949 duopranominamalejungeret,
1122 3874 1213 3933 linxe-

171 3970 352 4037 runtMan'i,
363 3969 517 4044 quitamcn
525 3969 618 4026 Attico
636 3965 791 4025 admodtnn
807 3966 984 4023 adolescente
992 4007 1001 4036 ,
1009 3977 1134 4023 mortuus
1145 3979 1211 4024 erat.

172 4063 388 4135 Aliiutrnmque
397 4061 531 4135 scriptum
543 4059 626 4117 baisse
640 4068 742 4135 putant
749 4058 790 4114 M.
799 4057 836 4126 Q.
843 4097 852 4127 ,
867 4068 897 4113 ut
910 4057 1089 4132 proposition
1102 4060 1213 4116 nomini
