3114 5032
415 813 465 914 J.
492 810 558 912 Η.
584 805 953 960 scutinei

238 1118 592 1177 OBSERVATIONES
612 1117 792 1173 CRITICAE
811 1115 864 1170 ET
884 1113 1131 1171 HISTORICAE
1166 1193 1169 1200 ζ

666 1379 703 1416 ΙΝ

365 1575 690 1712 tenuerunt
723 1595 1004 1710 NEPOTEM.

603 1954 761 1971 ..u-n·—

319 2217 346 2283 Ι.
367 2215 425 2284 ‘De
447 2214 588 2284 Cornelii
604 2217 746 2309 Nepotis
765 2215 835 2282 orla
854 2226 885 2330 et
902 2216 1043 2309 seriptis.

167 2481 314 2584 Corsmr
329 2529 404 2585 inter
419 2549 528 2601 omnes,
542 2532 627 2588 fuisse
640 2533 795 2588 Cornelium
811 2532 949 2606 Nepotem
966 2526 1132 2586 familiarem
1146 2547 1200 2604 pu·

163 2620 233 2676 riter
255 2620 285 2676 C.
310 2621 417 2677 Valerii
436 2623 538 2679 Cauilli
562 2634 590 2679 et
614 2625 647 2678 T.
672 2623 827 2697 Pomponii
849 2621 949 2690 Attici,
969 2620 1063 2693 itaque
1086 2630 1115 2676 et
1135 2631 1200 2676 ante

164 2711 277 2767 Caesaris
296 2711 465 2781 dictaturam
485 2725 513 2769 et
535 2716 588 2770 sub
611 2714 732 2788 Augusti
751 2713 911 2787 principatu
931 2701 1098 2781 florentem,
1116 2711 1200 2768 fixisse

162 2814 306 2858 auctorem
325 2804 513 2879 complurium
533 2806 672 2860 librorum
689 2805 748 2860 sive
768 2804 804 2860 ad
820 2804 981 2874 historiam,
997 2803 1056 2858 sive
1074 2804 1111 2858 ad
1128 2821 1200 2878 geo-

164 2893 323 2967 graphium,
337 2895 395 2951 sive
414 2897 451 2952 ad
472 2915 533 2952 rem
549 2896 713 2953 litterariam
729 2895 927 2969 spectantium3
945 2904 973 2950 et
992 2905 1098 2949 tantam
1115 2894 1200 2950 fuisse

165 2984 223 3056 ejus
236 2985 441 3058 auctoritatem,
453 2998 486 3043 ut
502 2988 563 3062 ipse
581 2989 673 3044 Cicero
688 3006 748 3043 non
762 2985 899 3042 dubitarit
915 2986 974 3058 ejus
993 2986 1029 3042 de
1042 2986 1097 3041 suis
1112 2985 1201 3060 sorip-
1255 3003 1257 3008 ’
1350 2975 1356 2986 ’

113 3123 118 3136 ,
164 3075 199 3130 tis
209 3075 348 3147 judicium
365 3088 512 3152 expetere,
528 3091 556 3134 et
574 3090 605 3134 ut
621 3080 778 3151 complures
798 3077 964 3152 posterioris
984 3077 1035 3132 aevi
1051 3078 1199 3150 scriptores

165 3166 223 3238 ejus
240 3168 402 3224 testimonio
418 3171 584 3226 innitantur.
599 3171 656 3226 Sed
669 3171 705 3225 de
719 3170 777 3226 vita
790 3169 848 3240 ejus
862 3187 960 3242 parum
978 3178 1093 3224 constat.
1107 3169 1199 3225 Colle-

164 3258 205 3331 git
220 3261 371 3330 nonnulla,
386 3279 448 3333 quae
461 3262 534 3317 varii
554 3273 681 3317 auctores
701 3260 931 3328 subministrant,
951 3261 1098 3331 Dionysius
1111 3263 1199 3314 Lam-

160 3349 242 3410 binus
261 3351 291 3404 in
307 3351 472 3426 praefatione
491 3353 528 3408 ad
544 3353 699 3408 editionem
717 3369 807 3419 suam,
828 3361 938 3425 etpost
956 3370 1019 3406 eum
1041 3337 1209 3408 Gerhanlus.

163 3442 288 3520 loannes
308 3443 421 3498 Vossius
444 3443 474 3497 in
497 3445 632 3500 libroade
660 3445 802 3498 Histon'eis
816 3445 923 3498 laonia
942 3444 1042 3498 Italum
1064 3442 1147 3498 fuisse
1168 3443 1198 3497 in
1296 3516 1298 3519 .

163 3531 280 3603 regione
293 3533 404 3589 Padana
418 3544 526 3603 natum,
543 3533 633 3607 liquet
648 3553 682 3589 ex
696 3545 818 3607 utroque
835 3534 937 3588 Plinio.
946 3535 1107 3589 Avunculus
1123 3533 1198 3589 eniin

164 3623 326 3678 Cornelium
344 3625 474 3680 nominat
491 3625 562 3680 Padi
576 3626 722 3686 accolam:
740 3625 851 3680 Plr'nius
866 3625 963 3697 junior
980 3624 1056 3680 idem
1075 3625 1199 3680 insinuat

163 3711 193 3766 in
211 3714 330 3786 epistola
348 3734 398 3779 sua
416 3716 453 3772 ad
469 3717 615 3785 Severum,
633 3736 674 3784 ιν,
693 3716 745 3786 28,
766 3717 816 3772 ubi
833 3716 984 3791 imaginem
1008 3717 1129 3772 Cornelii
1143 3718 1198 3774 de-

162 3804 334 3878 pingendam
346 3807 437 3862 amico
454 3826 504 3863 suo
519 3807 707 3864 commendas.
723 3808 928 3864 veronensium
943 3828 1037 3864 rerum
1049 3809 1198 3882 scriptores

162 3896 331 3966 recentiores
357 3898 483 3964 Comelio
508 3899 629 3972 patriam
651 3899 794 3974 assignant
816 3900 993 3976 Hostiliam,
1007 3902 1145 3975 oppidmn
1167 3904 1198 3960 in

163 4005 229 4062 agro
247 3991 421 4061 Veronensi,
440 3992 517 4064 quod
539 4009 615 4046 nunc
640 3991 763 4066 Ostiglriz
782 3996 946 4067 appelletur.
968 3996 1097 4049 Testatur
1117 3997 1197 4052 Onu-

161 4081 257 4151 phn'us
280 4084 430 4140 Panvinius
451 4082 637 4153 Veronensis,
655 4083 685 4138 in
708 4085 836 4158 catalogo
857 4085 1008 4141 illustrium
1030 4086 1196 4159 scriptorum
1219 4115 1226 4159 j
