3168 5048
604 450 877 508 EPAMINONDAS.
1221 450 1255 506 81

226 577 316 670 quod
334 591 408 671 post
429 578 598 670 apparuit,
623 591 661 644 ut
686 574 808 644 auxilio
828 576 995 644 sociorum
1019 576 1260 646 Lacedaemonii
1347 627 1353 640 .

227 699 446 790 privarentur.
818 683 820 688 l

275 819 348 884 VII.
368 816 481 883 Fuisse
500 815 697 908 patientem,
721 838 922 908 suorumque
946 816 1082 908 injurias
1102 816 1268 886 ferentem¹

230 935 367 1020 civium,
387 932 478 1026 quod
496 958 530 1001 se
557 935 671 1026 patriae
700 934 797 1002 irasci
815 933 906 1002 nefas
928 958 1000 1024 esse·
1023 933 1177 1023 duceret,
1194 935 1264 1002 haec

229 1066 308 1120 sunt
325 1053 524 1121 testimonia.
542 1052 657 1139 Quum
670 1078 747 1120 eum
764 1067 900 1146 propter
911 1053 1069 1121 invidiam
1081 1054 1167 1121 cives
1183 1077 1265 1146 prae·
1295 1074 1301 1082 ·

229 1170 328 1239 licere
353 1172 513 1238 exercitui
531 1170 733 1260 noluissent,
751 1171 883 1265 duxque
906 1187 991 1240 esset
1015 1170 1162 1241 delectus
1187 1171 1266 1240 belli

229 1290 420 1383 imperitus,
437 1290 663 1382 cujus-errore
685 1307 827 1360 coesset
853 1290 993 1361 deducta
1012 1290 1068 1359 illa
1087 1289 1267 1360 multitudo

231 1406 392 1496 militum,
414 1422 451 1476 ut
466 1432 580 1477 omnes
598 1409 639 1477 de
656 1408 761 1478 salute
774 1411 1058 1503 pertimescerent,
1072 1409 1162 1502 quod
1176 1409 1267 1478 loco·

233 1551 310 1593 rum
327 1528 487 1620 angustiis
509 1526 612 1595 clausi
634 1529 675 1595 ab
697 1527 848 1597 hostibus
866 1529 1126 1614 obsidebantur,
1142 1527 1268 1598 deside·

232 1627 301 1714 rari
318 1661 425 1739 coepta
443 1661 492 1714 est
506 1646 742 1740 Epaminondae
759 1646 939 1742 diligentia.
952 1652 1033 1718 Erat
1046 1650 1134 1717 enim
1146 1647 1192 1717 ibi
1207 1650 1271 1742 pri·

208 1849 210 1855 .
233 1769 344 1854 vatus,
362 1781 501 1834 numero
519 1766 643 1836 militis.
654 1770 683 1836 A
694 1792 761 1860 quo
776 1792 880 1861 quum
897 1782 1048 1861 peterent
1063 1792 1179 1860 opem,
1196 1766 1271 1836 nul-

235 1884 303 1954 lam
321 1886 473 1956 adhibuit
488 1889 683 1955 memoriam
700 1862 928 1973 contumeliae,
944 1903 978 1956 et
996 1889 1193 1975 exercitum,
1214 1888 1272 1956 oh-

235 2006 361 2075 sidione
384 2005 582 2094 liberatum,
610 2005 748 2075 domum
769 2006 901 2077 reduxit
924 2007 1135 2077 incolumem.
1155 2011 1271 2101 Neque

236 2143 317 2195 vero
334 2128 398 2196 boc
416 2125 514 2196 semel
531 2127 622 2214 fecit,
641 2126 698 2194 sed
714 2129 842 2221 saepius.
859 2127 1005 2195 Maxime
1024 2129 1217 2197 autem'fuit
1234 2128 1273 2196 il-

238 2243 357 2330 lustre,
375 2270 479 2338 quum
503 2247 538 2313 in
561 2244 829 2338 Peloponnesum
848 2247 1028 2344 exercitum
1053 2246 1200 2316 duxisset
1217 2247 1274 2315 ad·

237 2388 352 2434 versus
370 2363 654 2452 Lacedaemonios,
674 2365 875 2457 haberetque
903 2363 1046 2460 collegas
1069 2365 1170 2453 duos,
1189 2391 1273 2459 quo-

237 2509 312 2552 rum
337 2483 421 2554 alter
446 2499 518 2577 erat
542 2483 733 2578 Pelopidas,
760 2484 812 2552 vir
833 2484 927 2553 fortis
954 2509 993 2554 ac
1019 2499 1182 2556 strenuus.
1210 2488 1274 2556 Hie
1335 2533 1336 2536 =

238 2629 342 2698 quum
360 2605 555 2673 criminibus
573 2603 835 2672 adversariorum
853 2629 966 2672 omnes
990 2606 1025 2672 in
1043 2605 1202 2675 invidiam
1221 2631 1275 2676 ve·

183 2761 187 2772 =
239 2725 379 2813 nissent,
400 2725 443 2792 ob
459 2748 598 2817 eamque
613 2748 684 2791 rem
703 2723 879 2817 imperium
894 2724 946 2792 his
961 2739 1046 2793 esset
1062 2725 1274 2820 abrogatum,

239 2860 338 2938 atque
354 2845 390 2912 in
411 2869 526 2912 eorum
547 2843 659 2912 locum
678 2841 734 2934 alii
749 2857 906 2936 praetores
926 2845 1173 2930 successissent3
1188 2848 1276 2938 Epa·

239 2964 414 3034 minondas
434 2962 635 3058 populiscitu
654 2988 722 3031 non
742 2965 868 3057 paruit,
893 2963 1045 3057 idemque
1069 2978 1107 3033 ut
1129 2964 1276 3034 facerent

240 3085 402 3180 persuasit
432 3082 586 3178 collegis,
616 3097 649 3150 et
677 3081 801 3151 bellum
828 3082 919 3176 quod
948 3099 1138 3178 susceperat
1165 3086 1274 3179 gessit.

240 3207 395 3296 Namque
412 3201 709 3289 animadvertebat,
730 3203 793 3270 nisi
810 3201 844 3268 id
865 3201 1008 3290 fecisset,
1028 3218 1137 3271 totum
1151 3205 1275 3272 exerci-

243 3337 314 3391 tum
345 3337 481 3417 propter
514 3335 694 3416 praetorum
721 3320 978 3414 imprudentiam
1004 3323 1276 3415 inscientiamque

242 3442 320 3511 belli
342 3443 538 3539 periturum.
559 3445 628 3509 Lex
645 3455 717 3509 erat
736 3440 858 3508 Thebis
880 3465 952 3532 quae
971 3455 1079 3508 morte
1099 3437 1276 3527 multabat,

244 3565 271 3632 si
287 3564 361 3655 quis
377 3562 554 3654 imperium
571 3561 695 3629 diutius
716 3560 911 3628 retinuisset
933 3584 1032 3651 quam
1060 3554 1132 3652 lege
1160 3559 1278 3654 proefi-

222 3716 226 3726 ·
244 3685 352 3751 nitum
370 3681 455 3748 foret
472 3704 479 3746 :
496 3681 583 3747 hanc
598 3655 862 3772 Epaminondas,
878 3702 980 3772 quum
996 3680 1185 3773 reipublicae
1201 3704 1280 3748 eon·

244 3799 410 3870 servandae
438 3822 537 3868 causa
562 3797 661 3868 latam
689 3797 832 3884 videret,
860 3796 903 3866 ad
929 3799 1108 3892 perniciem
1138 3800 1279 3866 civitatis

246 3921 394 3990 conferre
412 3916 540 4004 noluit,
556 3932 589 3985 et
607 3931 749 4009 quatuor
770 3918 937 3986 mensibus
955 3917 1078 3986 diutius
1101 3942 1201 4009 quarn
1220 3942 1281 4011 po·

247 4041 345 4134 pulus
362 4042 503 4134 jusserat
519 4037 618 4130 gessit
634 4037 822 4128 imperium.

1116 4152 1139 4220 6
