3198 5174
362 436 398 493 52
700 437 874 494 CORNELII
895 437 1049 493 NEPOTIS

361 585 460 656 quam
484 563 518 629 in
540 563 680 656 patriam
705 561 803 630 rediit
826 576 921 655 pater
948 561 1114 656 (namque
1137 562 1278 654 appositi
1300 578 1394 630 eraut

360 679 526 765 custodes,
541 680 597 773 qui
611 705 689 748 eum
705 704 724 748 a
741 681 881 774 pristino
895 680 985 748 victu
999 678 1232 775 deducerent),
1250 694 1289 748 ut
1304 704 1339 748 se
1353 680 1393 748 de

361 800 527 891 superiore
540 814 633 892 parte
647 799 766 868 aedium
780 799 949 892 dejecerit,
966 813 1066 892 atque
1080 801 1127 867 ita
1139 800 1310 868 interierit.
1330 799 1394 867 Sed

360 914 439 984 illuc
455 932 611 986 revertor.

405 1039 446 1106 V.
464 1038 642 1128 Postquam
654 1037 852 1105 Corinthum
867 1037 1016 1129 pervenit
1024 1037 1131 1124 Dion,
1146 1050 1178 1104 et
1192 1035 1307 1104 eodem
1318 1059 1393 1130 per·

359 1155 443 1250 fugit
460 1155 666 1242 Heraclides,
686 1156 727 1222 ab
744 1155 859 1222 eodem
876 1153 1030 1248 expulsus
1046 1155 1223 1248 Dionysio,
1240 1157 1299 1247 qui
1315 1179 1394 1249 prae·

359 1273 461 1342 lectus
484 1271 590 1340 fuerat
610 1274 776 1365 equitum,
797 1274 887 1341 omni
910 1275 1037 1341 ratione
1057 1271 1180 1340 bellum
1202 1297 1392 1365 comparare

359 1405 537 1484 coeperunt.
564 1391 628 1459 sed
654 1415 721 1458 non
744 1390 884 1460 multum
907 1391 1141 1485 proficiebant,
1159 1391 1248 1484 quod
1270 1392 1391 1461 multo·

359 1534 433 1578 rum
464 1533 625 1576 annorum
658 1510 806 1602 tyrannis
841 1533 1036 1603 magnarum
1070 1535 1172 1604 opum
1201 1510 1390 1604 putabatur.

358 1632 471 1718 Quam
488 1629 531 1696 ob
549 1653 680 1696 oausam
698 1631 795 1723 pauci
813 1628 854 1697 ad
869 1619 1058 1698 ¹societatem
1079 1630 1217 1723 periculi
1234 1629 1393 1723 perduce-

359 1747 493 1815 bantur.
511 1746 574 1814 Sed
588 1747 693 1834 Dion,
708 1747 809 1815 fretus
826 1771 891 1814 non
906 1762 973 1815 tam
988 1749 1054 1815 suis
1068 1749 1186 1841 copiis,
1202 1773 1301 1842 quam
1314 1747 1391 1817 odio

359 1865 507 1959 tyranni,
520 1865 663 1932 maximo
678 1867 803 1953 animo,
819 1866 946 1933 duabus
957 1867 1115 1936 onerariis
1130 1868 1284 1954 navibus,
1299 1869 1393 1959 quin·

359 1985 517 2077 quaginta
535 2007 697 2052 annorum
716 1987 905 2079 imperium,
924 1986 1088 2053 munitum
1107 1987 1295 2079 quingentis
1316 1984 1390 2054 lon·

360 2104 408 2196 gis
426 2103 581 2189 navibus,
599 2102 710 2171 decem
728 2105 892 2196 equitum,
910 2118 1042 2172 centum
1060 2105 1207 2198 peditum
1230 2099 1391 2194 millibus,

360 2220 525 2316 profectus
542 2236 788 2318 oppugnatum,
807 2223 897 2315 quod
915 2223 1067 2292 omnibus
1082 2223 1233 2317 gentibus
1251 2224 1392 2292 admira-

360 2339 424 2410 bile
446 2356 495 2410 est
519 2344 640 2430 visum,
662 2343 743 2411 adeo
766 2341 860 2411 facile
880 2340 1034 2435 perculit,
1057 2357 1095 2409 ut
1114 2357 1189 2438 post
1215 2344 1301 2411 diem
1325 2357 1392 2411 ter·

360 2461 459 2550 tium,
480 2487 579 2554 quam
601 2461 743 2532 Siciliam
764 2462 931 2555 attigerat,
952 2457 1129 2553 Syracusas
1148 2464 1320 2531 introierit.
1342 2467 1391 2532 Ex

360 2605 427 2672 quo
457 2580 593 2675 intelligi
616 2594 744 2674 potest,
772 2580 940 2651 «Nullum
968 2605 1037 2649 esse
1064 2583 1238 2675 imperium
1263 2596 1392 2669 tutum,

359 2701 422 2767 nisi
437 2680 662 2796 benevolentia
680 2701 855 2768 munitum.
869 2729 885 2764 >³
906 2704 955 2770 Eo
973 2713 1119 2793 tempore
1137 2699 1248 2768 aberat
1265 2702 1392 2793 Diony-

359 2821 441 2906 sius,
466 2834 499 2886 et
523 2820 557 2885 in
582 2817 676 2886 Italia
699 2817 832 2886 classem
859 2818 1105 2912 opperiebatur,
1132 2818 1394 2890 adversariorum

360 2949 450 3004 ratus
467 2939 629 3005 neminem
646 2938 714 3005 sine
731 2939 858 3031 magnis
878 2938 979 3031 copiis
996 2936 1037 3005 ad
1054 2963 1088 3006 se
1104 2951 1289 3005 venturum.
1309 2941 1394 3026 Quae

250 3072 253 3082 '
361 3077 412 3123 res
430 3079 504 3122 eum
524 3053 636 3123 fefellit
660 3081 668 3122 ε
692 3081 767 3124 nam
787 3058 876 3125 Dion
895 3058 933 3123 iis
952 3057 1045 3149 ipsis,
1065 3058 1121 3149 qui
1140 3056 1201 3123 sub
1219 3057 1394 3126 adversarii

360 3173 491 3243 fuerant
503 3188 677 3268 potestate,
692 3177 797 3269 regios
813 3177 946 3270 spiritus
961 3177 1130 3268 repressit,
1144 3177 1311 3268 totiusque
1325 3177 1395 3268 ejus

360 3295 462 3390 partis
487 3292 603 3363 Siciliae
632 3296 756 3386 potitus
783 3310 849 3382 est,
874 3319 946 3386 quae
972 3295 1033 3362 sub
1060 3309 1221 3389 potestate
1244 3296 1395 3389 Dionysii

360 3413 480 3500 luerat,
501 3415 636 3508 parique
649 3412 748 3481 modo
764 3414 852 3482 urbis
871 3417 1120 3507 Syracusarum,
1138 3430 1256 3509 praeter
1272 3440 1394 3513 arcem,

360 3547 393 3600 et
414 3529 555 3600 insulam
578 3531 766 3623 adjunctam
786 3532 926 3626 oppido;
948 3558 1052 3625 eoque
1073 3559 1143 3602 rem
1165 3536 1333 3626 perduxit,
1357 3549 1394 3602 ut

360 3648 480 3718 talibus
499 3651 705 3744 pactionibus
728 3675 840 3743 pacem
864 3666 1023 3744 tyrannus
1043 3651 1148 3720 facere
1167 3653 1263 3724 vellet
1283 3679 1291 3722 ε
1315 3655 1395 3722 Sici-

361 3767 437 3836 liam
455 3769 543 3837 Dion
562 3768 739 3854 obtineret,
758 3770 886 3839 Italiam
899 3773 1094 3865 Dionysius,
1108 3773 1283 3864 Syracusas
1296 3771 1396 3866 Apol·

361 3885 513 3975 locrates,
533 3889 587 3956 cui
608 3889 780 3955 maximam
800 3888 981 3980 lidemfuni
999 3890 1140 3958 habebat
1158 3892 1345 3983 Dionysius.

411 4009 469 4076 VI.
495 4009 562 4074 Has
576 4020 643 4074 tam
657 4031 845 4100 prosperas,
863 4022 995 4100 tamque
1012 4009 1196 4103 inopinatas
1215 4034 1266 4078 res
1284 4035 1395 4078 conse-⁴
