3114 5032
626 499 748 557 NOTAE.

353 761 357 768 .
449 703 485 750 ΙΝ
510 703 549 748 Μ.
576 701 733 748 roncum
758 702 933 750 ottonum.

211 874 274 929 Cer.
292 874 315 928 1.
338 873 420 928 Ortus
438 871 590 945 munict'mo
606 873 731 928 Tusculo.
745 870 819 926 Latii
837 870 999 946 oppido,in
1014 873 1086 930 colle
1101 875 1155 932 sito
1172 887 1203 931 ut

172 967 293 1026 alloma
312 964 405 1020 videri
423 964 525 1038 possit3
542 964 629 1020 hodie
645 965 779 1022 Fruscati.

213 1094 276 1149 Cir.
300 1093 338 1149 11.
357 1092 457 1166 Neque
473 1091 527 1146 hoc
541 1109 601 1164 per
614 1101 743 1145 senatum
763 1057 874 1163 effidem
882 1091 983 1165 pontit.
1002 1093 1088 1160 Quod
1104 1103 1203 1150 contra

172 1195 312 1241 asseverat
329 1185 505 1252 Plutarchus,
526 1184 583 1240 Cat.
602 1203 638 1239 ιι.

428 1379 463 1424 ΙΝ
489 1380 521 1423 Τ.
547 1378 761 1424 POMPONIUM
786 1378 947 1452 Atticum.

213 1553 276 1607 Cir.
298 1552 351 1606 111.
366 1550 429 1623 Ipsi
445 1561 474 1606 et
488 1550 581 1605 Pilioe.
591 1549 659 1618 Quo
668 1548 704 1604 de
718 1550 783 1604 loco
796 1549 871 1604 inter
890 1549 1032 1606 doctiores
1049 1570 1109 1607 non
1128 1571 1202 1608 con-

172 1644 259 1700 venit.
281 1645 376 1712 Quum
401 1652 495 1697 autern
513 1643 600 1718 MS&
620 1641 749 1697 «Phidiae
760 1665 773 1692 »
790 1643 927 1712 habeant,
950 1654 1046 1699 natum
1073 1655 1114 1700 est
1131 1645 1203 1703 illud

171 1761 184 1788 «
195 1737 309 1808 Piliae‚n
327 1735 407 1808 quod
426 1733 541 1807 quidem
559 1732 685 1789 defendit
703 1735 828 1791 loannes
845 1736 991 1793 Meursius.
1005 1737 1118 1793 Fulvius
1134 1757 1203 1794 vero

171 1829 290 1884 Ursinus
316 1827 446 1883 eliciebat
468 1823 588 1880 «filia»
612 1825 735 1894 Quidam
761 1827 907 1883 «Philia»
931 1828 1098 1902 conjiciunt,
1125 1830 1144 1885 i.
1177 1850 1201 1886 e.

170 1919 319 1991 Amicitiae,
339 1920 362 1974 si
380 1919 495 1992 quidem
513 1918 641 1974 amleitiae
658 1920 749 1974 cultor
767 1919 852 1974 luerit
869 1920 1108 1976 constantissimus
1126 1923 1202 1977 Atti·

172 2031 228 2068 cus.
242 2012 353 2087 Lipsius
371 2021 470 2067 contra
490 2011 569 2084 «ipsi
587 2021 616 2067 et
636 2010 740 2068 Fidei»
760 2011 941 2086 praelerebat,
957 2013 1035 2088 quod
1060 2013 1204 2087 improbat

171 2104 318 2173 Schottus‚
337 2123 430 2179 neque
447 2103 547 2160 melius
562 2103 632 2178 quid
652 2102 790 2159 extundit.

211 2197 276 2252 Cir.
288 2199 345 2265 JV.
374 2198 464 2266 Quem
482 2197 557 2252 diem
575 2197 618 2250 sie
636 2197 762 2251 universa
783 2194 887 2251 civitas.
905 2198 961 2252 Pro
978 2215 1086 2270 «quem
1102 2196 1202 2254 diem„

171 2289 284 2345 Fulvius
302 2289 422 2346 Ursinus
445 2289 635 2357 «abeuntem,
654 2313 666 2338 υ
683 2289 813 2363 Rntgers.
832 2313 845 2339 «
856 2286 1069 2344 discedentem»
1082 2290 1202 2363 legebat.

169 2381 270 2438 Melius
287 2381 360 2437 forte
377 2381 462 2436 fuerit
478 2382 607 2436 voculam
622 2380 746 2439 «diem»
762 2380 871 2452 ejicere.

210 2473 274 2528 Cir.
288 2475 323 2529 V.
343 2470 623 2547 Hoemdemquefecit
638 2491 676 2527 ea·
688 2473 832 2530 dodrante.
844 2473 913 2528 Cum
931 2473 1037 2528 Nostro
1054 2491 1114 2530 non
1130 2493 1200 2531 con·
1268 2471 1271 2480 ’

172 2566 249 2622 venit
270 2583 305 2621 eo
323 2569 353 2621 in
370 2568 436 2621 loeo
455 2565 519 2621 Vul.
537 2566 671 2634 Maxim,
692 2564 797 2639 quippe
815 2565 866 2638 qui
884 2564 933 2619 lib.
955 2584 1014 2637 vu,
1032 2584 1092 2640 cap.
1113 2565 1146 2637 8,
1164 2567 1202 2622 ita

171 2657 314 2732 scripserit
341 2678 348 2712 :
377 2659 437 2726 «Q.
469 2655 597 2712 Caecilius
598 2697 645 2713 .....
671 2657 859 2729 Pomponium
886 2656 1009 2712 Atticum
1035 2668 1203 2715 testamento

170 2750 332 2824 adoptavit,
351 2749 532 2823 omniumque
549 2749 692 2804 honorum
711 2748 825 2821 reliquit
842 2748 991 2818 heredem.
1003 2771 1016 2798 u
1079 2747 1081 2754 '

211 2844 275 2899 Cir.
291 2844 370 2898 VIII.
385 2844 476 2900 Penes
489 2844 596 2899 Bmtos.
615 2844 742 2899 Marcum
759 2841 864 2896 scilicet
881 2851 909 2896 et
927 2841 1080 2896 Decimum.

207 2937 270 2992 cir.
289 2936 341 2992 IX.
359 2934 447 3009 Apud
461 2935 610 2990 Mutinam.
629 2933 726 2990 Galliae
741 2933 843 3007 Cisalp.
858 2933 1008 3007 oppidum
1026 2932 1111 2989 hodie
1131 2935 1201 2989 Mo-

168 3025 247 3084 dene.
272 3028 324 3084 Cui
350 3028 464 3101 quidem
491 3028 568 3082 bello
594 3037 789 3082 testamentum
815 3026 999 3082 Caesarianum
1022 3045 1105 3082 causa
1131 3027 1202 3097 tuit,

170 3130 319 3194 partesque
338 3119 536 3193 belligerantes
554 3118 687 3174 Octavius
705 3129 733 3174 et
746 3122 859 3174 Marcus
875 3119 1023 3174 Antonius.

206 3213 271 3268 Cir.
289 3213 339 3268 XI.
356 3211 588 3267 Samothraciam.
608 3211 813 3280 Samothracia,
831 3229 891 3285 quae
909 3219 937 3265 et
955 3211 1054 3265 Samos
1071 3210 1199 3264 Threicia

168 3303 284 3375 dicitur,
302 3305 392 3359 insula
406 3303 490 3358 maris
509 3303 596 3376 AEgaei
614 3303 739 3359 Thraciae
755 3302 897 3374 adjacens,
913 3301 949 3356 ad
964 3301 1034 3356 ostia
1054 3300 1145 3356 Hebri
1157 3299 1201 3370 ll.;

168 3394 254 3452 hodie
274 3396 477 3462 Samodmclri,
501 3396 698 3450 Samandraln'.

210 3490 306 3564 Neque
319 3489 525 3562 temporariam.
545 3486 579 3542 ld
597 3497 652 3556 est,
670 3498 700 3541 ut
719 3505 801 3560 supra
821 3484 939 3554 videris,
956 3490 1048 3557 'neque
1065 3486 1200 3558 temporis

169 3599 248 3636 cansa
267 3592 383 3655 gestam.
403 3572 407 3582 ¹

208 3674 271 3731 Cir.
290 3675 372 3730 XlIl.
391 3674 681 3748 Anafflrostoeoptimi.
699 3673 732 3730 ld
750 3684 791 3730 est
812 3670 913 3745 optimi
925 3672 1058 3742 lectores,
1077 3692 1093 3727 a
1113 3688 1200 3746 graecu

167 3785 237 3822 voce
253 3774 438 3845 ἀναγινώσκιιν,
451 3765 553 3838 legere·

206 3861 270 3916 Cir.
288 3861 365 3914 XIV.
380 3859 489 3913 Prreter
505 3858 691 3913 Ardeatinam
709 3871 737 3912 et
752 3859 962 3912 Nomentanum.
982 3855 1087 3924 Ardea,
1105 3857 1199 3910 Rutu·
1242 3869 1246 3880 ·

166 3955 258 4010 lorum
280 3961 363 4024 caput
381 3950 412 4004 in
430 3950 526 4020 Latio,
546 3970 560 4004 a
578 3951 675 4006 Danae
695 3948 821 4018 condita;
842 3949 887 4004 cui
912 3949 1025 4022 quidem
1046 3948 1198 4004 etiamnum

146 4046 242 4101 idem
260 4054 301 4100 est
319 4060 432 4098 nomen.
442 4044 669 4113 -Nomentum,
686 4042 761 4098 Latii
774 4041 913 4115 oppidum
923 4041 952 4096 in
964 4041 1092 4112 Sabinis3
1109 4039 1198 4096 hodie

167 4138 315 4192 Mentana.
