<?xml version="1.0" encoding="UTF-8"?>
<!DOCTYPE html PUBLIC "-//W3C//DTD XHTML 1.0 Transitional//EN"
    "http://www.w3.org/TR/xhtml1/DTD/xhtml1-transitional.dtd">
<html xmlns="http://www.w3.org/1999/xhtml" xml:lang="en" lang="en">
 <head>
  <title>
</title>
<meta http-equiv="Content-Type" content="text/html;charset=utf-8" />
  <meta name='ocr-system' content='tesseract 3.04.00' />
  <meta name='ocr-capabilities' content='ocr_page ocr_carea ocr_par ocr_line ocrx_word'/>
</head>
<body>
  <div class='ocr_page' id='page_1' title='image "./corneliinepotio00nepogoog_0217.png"; bbox 0 0 3114 5032; ppageno 0'>
   <div class='ocr_carea' id='block_1_1' title="bbox 346 463 1115 538">
    <p class='ocr_par' dir='ltr' id='par_1_1' title="bbox 346 463 1115 538">
     <span class='ocr_line' id='line_1_1' title="bbox 346 463 1115 538; baseline 0.01 -21"><span class='ocrx_word' id='word_1_1' title='bbox 346 463 400 538; x_wconf 78' lang='lat'><strong>198</strong></span> <span class='ocrx_word' id='word_1_2' title='bbox 608 465 766 522; x_wconf 72' lang='lat' dir='ltr'><strong>solutus</strong></span> <span class='ocrx_word' id='word_1_3' title='bbox 787 465 901 522; x_wconf 79' lang='lat' dir='ltr'><strong>annu</strong></span> <span class='ocrx_word' id='word_1_4' title='bbox 924 467 1115 526; x_wconf 73' lang='lat' dir='ltr'><strong>smacnu</strong></span> 
     </span>
    </p>
   </div>
   <div class='ocr_carea' id='block_1_2' title="bbox 341 587 1452 3889">
    <p class='ocr_par' dir='ltr' id='par_1_2' title="bbox 341 587 1385 738">
     <span class='ocr_line' id='line_1_2' title="bbox 341 587 1385 666; baseline 0.002 -20"><span class='ocrx_word' id='word_1_5' title='bbox 341 589 434 647; x_wconf 82' lang='lat' dir='ltr'>lexico</span> <span class='ocrx_word' id='word_1_6' title='bbox 448 587 539 662; x_wconf 84' lang='lat' dir='ltr'><strong>quivis</strong></span> <span class='ocrx_word' id='word_1_7' title='bbox 554 587 635 644; x_wconf 81' lang='lat' dir='ltr'><strong>facile</strong></span> <span class='ocrx_word' id='word_1_8' title='bbox 650 590 810 663; x_wconf 75' lang='lat' dir='ltr'><strong>assequitur.</strong></span> <span class='ocrx_word' id='word_1_9' title='bbox 824 591 984 666; x_wconf 61' lang='lat' dir='ltr'><strong>adjungam</strong></span> <span class='ocrx_word' id='word_1_10' title='bbox 997 603 1025 648; x_wconf 92' lang='lat' dir='ltr'><strong>et</strong></span> <span class='ocrx_word' id='word_1_11' title='bbox 1038 592 1097 665; x_wconf 87' lang='lat' dir='ltr'><strong>ejus</strong></span> <span class='ocrx_word' id='word_1_12' title='bbox 1114 592 1224 666; x_wconf 86' lang='lat' dir='ltr'><strong>generis</strong></span> <span class='ocrx_word' id='word_1_13' title='bbox 1242 593 1385 648; x_wconf 82' lang='lat' dir='ltr'><strong>observa-</strong></span> 
     </span>
     <span class='ocr_line' id='line_1_3' title="bbox 343 681 441 738; baseline 0 -2"><span class='ocrx_word' id='word_1_14' title='bbox 343 681 441 738; x_wconf 86' lang='lat' dir='ltr'><strong>tiones.</strong></span> 
     </span>
    </p>

    <p class='ocr_par' dir='ltr' id='par_1_3' title="bbox 343 774 1452 2326">
     <span class='ocr_line' id='line_1_4' title="bbox 383 774 1387 852; baseline 0 -24"><span class='ocrx_word' id='word_1_15' title='bbox 383 774 480 849; x_wconf 86' lang='lat' dir='ltr'><strong>Epam.</strong></span> <span class='ocrx_word' id='word_1_16' title='bbox 500 793 580 844; x_wconf 84' lang='lat' dir='ltr'><strong>vru,</strong></span> <span class='ocrx_word' id='word_1_17' title='bbox 603 792 634 843; x_wconf 83' lang='lat' dir='ltr'><strong>a,</strong></span> <span class='ocrx_word' id='word_1_18' title='bbox 657 774 758 849; x_wconf 89' lang='lat' dir='ltr'><strong>legitur</strong></span> <span class='ocrx_word' id='word_1_19' title='bbox 774 796 783 831; x_wconf 74' lang='grc' dir='ltr'><strong>ι</strong></span> <span class='ocrx_word' id='word_1_20' title='bbox 799 777 839 834; x_wconf 92' lang='lat' dir='ltr'><strong>Ut</strong></span> <span class='ocrx_word' id='word_1_21' title='bbox 860 777 892 833; x_wconf 92' lang='lat' dir='ltr'><strong>in</strong></span> <span class='ocrx_word' id='word_1_22' title='bbox 902 778 1030 852; x_wconf 79' lang='lat' dir='ltr'><strong>periculo</strong></span> <span class='ocrx_word' id='word_1_23' title='bbox 1049 795 1100 833; x_wconf 87' lang='lat' dir='ltr'><strong>suo</strong></span> <span class='ocrx_word' id='word_1_24' title='bbox 1119 775 1281 832; x_wconf 86' lang='lat' dir='ltr'><strong>scriberent.</strong></span> <span class='ocrx_word' id='word_1_25' title='bbox 1300 775 1387 830; x_wconf 85' lang='lat' dir='ltr'><strong>Hanc</strong></span> 
     </span>
     <span class='ocr_line' id='line_1_5' title="bbox 343 867 1386 944; baseline 0.001 -24"><span class='ocrx_word' id='word_1_26' title='bbox 343 885 442 922; x_wconf 87' lang='lat' dir='ltr'><strong>vocem</strong></span> <span class='ocrx_word' id='word_1_27' title='bbox 455 875 617 939; x_wconf 86' lang='lat' dir='ltr'><strong>corruptam</strong></span> <span class='ocrx_word' id='word_1_28' title='bbox 629 867 808 924; x_wconf 87' lang='lat' dir='ltr'><strong>crediderunt</strong></span> <span class='ocrx_word' id='word_1_29' title='bbox 822 869 944 925; x_wconf 85' lang='lat' dir='ltr'><strong>editores</strong></span> <span class='ocrx_word' id='word_1_30' title='bbox 958 871 1132 944; x_wconf 70' lang='lat' dir='ltr'><strong>complures,</strong></span> <span class='ocrx_word' id='word_1_31' title='bbox 1147 886 1233 941; x_wconf 89' lang='lat' dir='ltr'><strong>quum</strong></span> <span class='ocrx_word' id='word_1_32' title='bbox 1246 885 1297 939; x_wconf 88' lang='lat' dir='ltr'><strong>per</strong></span> <span class='ocrx_word' id='word_1_33' title='bbox 1307 884 1386 921; x_wconf 90' lang='lat' dir='ltr'><strong>con-</strong></span> 
     </span>
     <span class='ocr_line' id='line_1_6' title="bbox 343 958 1383 1035; baseline 0 -23"><span class='ocrx_word' id='word_1_34' title='bbox 343 968 450 1014; x_wconf 84' lang='lat' dir='ltr'><strong>textum</strong></span> <span class='ocrx_word' id='word_1_35' title='bbox 464 959 501 1014; x_wconf 90' lang='lat' dir='ltr'><strong>de</strong></span> <span class='ocrx_word' id='word_1_36' title='bbox 514 959 600 1032; x_wconf 86' lang='lat' dir='ltr'>cippo</span> <span class='ocrx_word' id='word_1_37' title='bbox 613 959 695 1032; x_wconf 92' lang='lat' dir='ltr'><strong>loqui</strong></span> <span class='ocrx_word' id='word_1_38' title='bbox 707 959 811 1017; x_wconf 88' lang='lat' dir='ltr'><strong>debere</strong></span> <span class='ocrx_word' id='word_1_39' title='bbox 827 961 1054 1035; x_wconf 83' lang='lat' dir='ltr'><strong>Epaminondam</strong></span> <span class='ocrx_word' id='word_1_40' title='bbox 1066 970 1205 1034; x_wconf 88' lang='lat' dir='ltr'><strong>putarent.</strong></span> <span class='ocrx_word' id='word_1_41' title='bbox 1219 958 1315 1014; x_wconf 82' lang='lat' dir='ltr'><strong>Edidit</strong></span> <span class='ocrx_word' id='word_1_42' title='bbox 1330 959 1383 1012; x_wconf 85' lang='grc' dir='ltr'><strong>ΔΙ-</strong></span> 
     </span>
     <span class='ocr_line' id='line_1_7' title="bbox 344 1051 1387 1124; baseline -0.002 -18"><span class='ocrx_word' id='word_1_43' title='bbox 344 1051 396 1106; x_wconf 89' lang='lat' dir='ltr'><strong>dus</strong></span> <span class='ocrx_word' id='word_1_44' title='bbox 408 1053 550 1123; x_wconf 79' lang='lat' dir='ltr'><strong>sepulcro,</strong></span> <span class='ocrx_word' id='word_1_45' title='bbox 565 1061 597 1106; x_wconf 90' lang='lat' dir='ltr'><strong>ut</strong></span> <span class='ocrx_word' id='word_1_46' title='bbox 613 1051 680 1105; x_wconf 88' lang='lat' dir='ltr'><strong>alias</strong></span> <span class='ocrx_word' id='word_1_47' title='bbox 695 1051 788 1108; x_wconf 87' lang='lat' dir='ltr'><strong>minus</strong></span> <span class='ocrx_word' id='word_1_48' title='bbox 802 1053 896 1108; x_wconf 82' lang='lat' dir='ltr'><strong>felices</strong></span> <span class='ocrx_word' id='word_1_49' title='bbox 915 1053 1087 1124; x_wconf 81' lang='lat' dir='ltr'><strong>conjecturae</strong></span> <span class='ocrx_word' id='word_1_50' title='bbox 1101 1064 1216 1108; x_wconf 91' lang='lat' dir='ltr'><strong>taceam.</strong></span> <span class='ocrx_word' id='word_1_51' title='bbox 1231 1051 1288 1106; x_wconf 85' lang='lat' dir='ltr'><strong>Sed</strong></span> <span class='ocrx_word' id='word_1_52' title='bbox 1300 1069 1387 1105; x_wconf 57' lang='lat' dir='ltr'><strong>cons</strong></span> 
     </span>
     <span class='ocr_line' id='line_1_8' title="bbox 343 1143 1385 1218; baseline -0.003 -19"><span class='ocrx_word' id='word_1_53' title='bbox 343 1154 435 1199; x_wconf 87' lang='lat' dir='ltr'><strong>tanter</strong></span> <span class='ocrx_word' id='word_1_54' title='bbox 447 1153 545 1198; x_wconf 87' lang='lat' dir='ltr'><strong>tenent</strong></span> <span class='ocrx_word' id='word_1_55' title='bbox 558 1143 710 1200; x_wconf 87' lang='lat' dir='ltr'><strong>lectionem</strong></span> <span class='ocrx_word' id='word_1_56' title='bbox 715 1146 842 1217; x_wconf 80' lang='lat' dir='ltr'><strong>periculo</strong></span> <span class='ocrx_word' id='word_1_57' title='bbox 856 1145 982 1212; x_wconf 92' lang='lat' dir='ltr'><strong>codices,</strong></span> <span class='ocrx_word' id='word_1_58' title='bbox 996 1145 1098 1218; x_wconf 90' lang='lat' dir='ltr'><strong>quibus</strong></span> <span class='ocrx_word' id='word_1_59' title='bbox 1113 1155 1141 1199; x_wconf 91' lang='lat' dir='ltr'><strong>et</strong></span> <span class='ocrx_word' id='word_1_60' title='bbox 1155 1143 1385 1198; x_wconf 89' lang='lat' dir='ltr'><strong>annumerandus</strong></span> 
     </span>
     <span class='ocr_line' id='line_1_9' title="bbox 344 1235 1387 1305; baseline -0.003 -12"><span class='ocrx_word' id='word_1_61' title='bbox 344 1247 385 1293; x_wconf 85' lang='lat' dir='ltr'><strong>est</strong></span> <span class='ocrx_word' id='word_1_62' title='bbox 403 1235 579 1290; x_wconf 85' lang='lat' dir='ltr'><strong>Thottianus.</strong></span> <span class='ocrx_word' id='word_1_63' title='bbox 598 1235 732 1292; x_wconf 81' lang='lat' dir='ltr'><strong>Defendit</strong></span> <span class='ocrx_word' id='word_1_64' title='bbox 753 1255 815 1291; x_wconf 90' lang='lat' dir='ltr'><strong>eam</strong></span> <span class='ocrx_word' id='word_1_65' title='bbox 829 1239 917 1292; x_wconf 90' lang='lat' dir='ltr'><strong>multa</strong></span> <span class='ocrx_word' id='word_1_66' title='bbox 934 1237 1092 1293; x_wconf 83' lang='lat' dir='ltr'><strong>eruditione</strong></span> <span class='ocrx_word' id='word_1_67' title='bbox 1110 1236 1223 1305; x_wconf 86' lang='lat' dir='ltr'><strong>Bosius,</strong></span> <span class='ocrx_word' id='word_1_68' title='bbox 1239 1236 1290 1292; x_wconf 90' lang='lat' dir='ltr'><strong>sed</strong></span> <span class='ocrx_word' id='word_1_69' title='bbox 1305 1246 1387 1290; x_wconf 90' lang='lat' dir='ltr'><strong>tanta</strong></span> 
     </span>
     <span class='ocr_line' id='line_1_10' title="bbox 343 1327 1387 1404; baseline -0.002 -20"><span class='ocrx_word' id='word_1_70' title='bbox 343 1328 520 1404; x_wconf 84' lang='lat' dir='ltr'><strong>prolixitate,</strong></span> <span class='ocrx_word' id='word_1_71' title='bbox 539 1337 571 1383; x_wconf 93' lang='lat' dir='ltr'><strong>ut</strong></span> <span class='ocrx_word' id='word_1_72' title='bbox 588 1329 735 1384; x_wconf 84' lang='lat' dir='ltr'><strong>annotatio</strong></span> <span class='ocrx_word' id='word_1_73' title='bbox 753 1328 955 1384; x_wconf 86' lang='lat' dir='ltr'><strong>dissertationis</strong></span> <span class='ocrx_word' id='word_1_74' title='bbox 974 1329 1095 1402; x_wconf 87' lang='lat' dir='ltr'><strong>speciem</strong></span> <span class='ocrx_word' id='word_1_75' title='bbox 1110 1328 1221 1384; x_wconf 82' lang='lat' dir='ltr'><strong>reserat.</strong></span> <span class='ocrx_word' id='word_1_76' title='bbox 1239 1327 1387 1383; x_wconf 89' lang='lat' dir='ltr'><strong>Concinne</strong></span> 
     </span>
     <span class='ocr_line' id='line_1_11' title="bbox 344 1419 1388 1495; baseline 0 -19"><span class='ocrx_word' id='word_1_77' title='bbox 344 1420 451 1495; x_wconf 88' lang='lat' dir='ltr'><strong>magis,</strong></span> <span class='ocrx_word' id='word_1_78' title='bbox 468 1439 528 1493; x_wconf 86' lang='lat' dir='ltr'><strong>quae</strong></span> <span class='ocrx_word' id='word_1_79' title='bbox 548 1419 585 1476; x_wconf 91' lang='lat' dir='ltr'><strong>ad</strong></span> <span class='ocrx_word' id='word_1_80' title='bbox 603 1438 664 1475; x_wconf 89' lang='lat' dir='ltr'><strong>rem</strong></span> <span class='ocrx_word' id='word_1_81' title='bbox 685 1419 898 1495; x_wconf 87' lang='lat' dir='ltr'><strong>intelligendam</strong></span> <span class='ocrx_word' id='word_1_82' title='bbox 920 1421 1038 1489; x_wconf 84' lang='lat' dir='ltr'><strong>faciunt,</strong></span> <span class='ocrx_word' id='word_1_83' title='bbox 1056 1419 1171 1494; x_wconf 82' lang='lat' dir='ltr'><strong>collegit</strong></span> <span class='ocrx_word' id='word_1_84' title='bbox 1192 1423 1331 1488; x_wconf 84' lang='lat' dir='ltr'><strong>Gesnerus</strong></span> <span class='ocrx_word' id='word_1_85' title='bbox 1356 1420 1388 1476; x_wconf 88' lang='lat' dir='ltr'><strong>in</strong></span> 
     </span>
     <span class='ocr_line' id='line_1_12' title="bbox 345 1511 1389 1586; baseline -0.003 -17"><span class='ocrx_word' id='word_1_86' title='bbox 345 1514 489 1569; x_wconf 85' lang='lat' dir='ltr'><strong>Thesauro</strong></span> <span class='ocrx_word' id='word_1_87' title='bbox 503 1513 604 1586; x_wconf 75' lang='lat' dir='ltr'><strong>linguae</strong></span> <span class='ocrx_word' id='word_1_88' title='bbox 616 1531 747 1570; x_wconf 88' lang='lat' dir='ltr'><strong>romanae.</strong></span> <span class='ocrx_word' id='word_1_89' title='bbox 760 1514 795 1568; x_wconf 90' lang='lat' dir='ltr'><strong>In</strong></span> <span class='ocrx_word' id='word_1_90' title='bbox 808 1513 975 1586; x_wconf 85' lang='lat' dir='ltr'><strong>explicanda</strong></span> <span class='ocrx_word' id='word_1_91' title='bbox 982 1511 1187 1586; x_wconf 88' lang='lat' dir='ltr'><strong>significatione</strong></span> <span class='ocrx_word' id='word_1_92' title='bbox 1201 1513 1238 1568; x_wconf 92' lang='lat' dir='ltr'><strong>ab</strong></span> <span class='ocrx_word' id='word_1_93' title='bbox 1246 1531 1298 1568; x_wconf 89' lang='lat' dir='ltr'><strong>usu</strong></span> <span class='ocrx_word' id='word_1_94' title='bbox 1306 1530 1389 1566; x_wconf 88' lang='lat' dir='ltr'><strong>com-</strong></span> 
     </span>
     <span class='ocr_line' id='line_1_13' title="bbox 345 1606 1389 1680; baseline -0.002 -19"><span class='ocrx_word' id='word_1_95' title='bbox 345 1607 425 1661; x_wconf 89' lang='lat' dir='ltr'><strong>muni</strong></span> <span class='ocrx_word' id='word_1_96' title='bbox 442 1606 532 1661; x_wconf 90' lang='lat' dir='ltr'><strong>aliena</strong></span> <span class='ocrx_word' id='word_1_97' title='bbox 546 1606 619 1661; x_wconf 91' lang='lat' dir='ltr'><strong>nihil</strong></span> <span class='ocrx_word' id='word_1_98' title='bbox 639 1618 680 1662; x_wconf 90' lang='lat' dir='ltr'><strong>est</strong></span> <span class='ocrx_word' id='word_1_99' title='bbox 693 1606 804 1676; x_wconf 89' lang='lat' dir='ltr'><strong>utilius,</strong></span> <span class='ocrx_word' id='word_1_100' title='bbox 821 1627 904 1680; x_wconf 88' lang='lat' dir='ltr'><strong>quam</strong></span> <span class='ocrx_word' id='word_1_101' title='bbox 918 1617 1075 1661; x_wconf 87' lang='lat' dir='ltr'><strong>monstrare</strong></span> <span class='ocrx_word' id='word_1_102' title='bbox 1091 1624 1272 1679; x_wconf 90' lang='lat' dir='ltr'><strong>progressum</strong></span> <span class='ocrx_word' id='word_1_103' title='bbox 1287 1615 1389 1660; x_wconf 67' lang='lat' dir='ltr'><strong>mans-</strong></span> 
     </span>
     <span class='ocr_line' id='line_1_14' title="bbox 345 1695 1389 1772; baseline -0.003 -19"><span class='ocrx_word' id='word_1_104' title='bbox 345 1699 469 1754; x_wconf 89' lang='lat' dir='ltr'><strong>lationis.</strong></span> <span class='ocrx_word' id='word_1_105' title='bbox 489 1699 641 1754; x_wconf 85' lang='lat' dir='ltr'><strong>Notissima</strong></span> <span class='ocrx_word' id='word_1_106' title='bbox 662 1709 703 1754; x_wconf 88' lang='lat' dir='ltr'><strong>est</strong></span> <span class='ocrx_word' id='word_1_107' title='bbox 719 1699 767 1755; x_wconf 91' lang='lat' dir='ltr'><strong>illa</strong></span> <span class='ocrx_word' id='word_1_108' title='bbox 779 1701 905 1772; x_wconf 82' lang='lat' dir='ltr'><strong>periculi</strong></span> <span class='ocrx_word' id='word_1_109' title='bbox 921 1695 1088 1772; x_wconf 84' lang='lat' dir='ltr'><strong>significatio</strong></span> <span class='ocrx_word' id='word_1_110' title='bbox 1109 1710 1264 1764; x_wconf 69' lang='lat' dir='ltr'><strong>tentantem,</strong></span> <span class='ocrx_word' id='word_1_111' title='bbox 1285 1695 1389 1751; x_wconf 87' lang='lat' dir='ltr'><strong>danice</strong></span> 
     </span>
     <span class='ocr_line' id='line_1_15' title="bbox 347 1788 1388 1865; baseline -0.001 -20"><span class='ocrx_word' id='word_1_112' title='bbox 347 1793 463 1865; x_wconf 85' lang='lat' dir='ltr'><strong>Forsog.</strong></span> <span class='ocrx_word' id='word_1_113' title='bbox 479 1793 545 1847; x_wconf 83' lang='lat' dir='ltr'><strong>Vox</strong></span> <span class='ocrx_word' id='word_1_114' title='bbox 557 1791 624 1846; x_wconf 85' lang='lat' dir='ltr'><strong>inde</strong></span> <span class='ocrx_word' id='word_1_115' title='bbox 640 1791 676 1846; x_wconf 92' lang='lat' dir='ltr'><strong>ad</strong></span> <span class='ocrx_word' id='word_1_116' title='bbox 693 1791 858 1865; x_wconf 86' lang='lat' dir='ltr'><strong>scripturam</strong></span> <span class='ocrx_word' id='word_1_117' title='bbox 873 1793 961 1846; x_wconf 89' lang='lat' dir='ltr'><strong>relata</strong></span> <span class='ocrx_word' id='word_1_118' title='bbox 982 1788 1121 1864; x_wconf 87' lang='lat' dir='ltr'><strong>significat</strong></span> <span class='ocrx_word' id='word_1_119' title='bbox 1136 1801 1267 1864; x_wconf 84' lang='lat' dir='ltr'><strong>concept,</strong></span> <span class='ocrx_word' id='word_1_120' title='bbox 1284 1788 1388 1844; x_wconf 85' lang='lat' dir='ltr'><strong>danice</strong></span> 
     </span>
     <span class='ocr_line' id='line_1_16' title="bbox 346 1879 1391 1956; baseline -0.001 -20"><span class='ocrx_word' id='word_1_121' title='bbox 346 1883 465 1950; x_wconf 59' lang='lat' dir='ltr'><strong>udinem</strong></span> <span class='ocrx_word' id='word_1_122' title='bbox 482 1882 513 1937; x_wconf 91' lang='lat' dir='ltr'><strong>iu</strong></span> <span class='ocrx_word' id='word_1_123' title='bbox 527 1879 611 1938; x_wconf 82' lang='lat' dir='ltr'><strong>rebus</strong></span> <span class='ocrx_word' id='word_1_124' title='bbox 629 1883 751 1956; x_wconf 91' lang='lat' dir='ltr'><strong>denique</strong></span> <span class='ocrx_word' id='word_1_125' title='bbox 765 1883 946 1956; x_wconf 83' lang='lat' dir='ltr'><strong>judicialibus</strong></span> <span class='ocrx_word' id='word_1_126' title='bbox 964 1885 1132 1938; x_wconf 82' lang='lat' dir='ltr'><strong>sententiam</strong></span> <span class='ocrx_word' id='word_1_127' title='bbox 1154 1880 1248 1936; x_wconf 87' lang='lat' dir='ltr'><strong>verbis</strong></span> <span class='ocrx_word' id='word_1_128' title='bbox 1265 1899 1391 1953; x_wconf 89' lang='lat' dir='ltr'><strong>concep-</strong></span> 
     </span>
     <span class='ocr_line' id='line_1_17' title="bbox 347 1972 1391 2049; baseline -0.002 -21"><span class='ocrx_word' id='word_1_129' title='bbox 347 1984 422 2043; x_wconf 87' lang='lat' dir='ltr'><strong>tam,</strong></span> <span class='ocrx_word' id='word_1_130' title='bbox 436 1993 495 2048; x_wconf 84' lang='lat' dir='ltr'><strong>quae</strong></span> <span class='ocrx_word' id='word_1_131' title='bbox 514 1975 629 2048; x_wconf 78' lang='lat' dir='ltr'><strong>praelegi</strong></span> <span class='ocrx_word' id='word_1_132' title='bbox 647 1975 781 2032; x_wconf 87' lang='lat' dir='ltr'><strong>danmato</strong></span> <span class='ocrx_word' id='word_1_133' title='bbox 797 1977 886 2044; x_wconf 90' lang='lat' dir='ltr'><strong>solet,</strong></span> <span class='ocrx_word' id='word_1_134' title='bbox 902 1986 1055 2049; x_wconf 88' lang='lat' dir='ltr'><strong>posteaque</strong></span> <span class='ocrx_word' id='word_1_135' title='bbox 1074 1973 1177 2029; x_wconf 89' lang='lat' dir='ltr'><strong>tabulis</strong></span> <span class='ocrx_word' id='word_1_136' title='bbox 1197 1973 1318 2046; x_wconf 91' lang='lat' dir='ltr'><strong>publicis</strong></span> <span class='ocrx_word' id='word_1_137' title='bbox 1336 1972 1391 2026; x_wconf 92' lang='lat' dir='ltr'><strong>in-</strong></span> 
     </span>
     <span class='ocr_line' id='line_1_18' title="bbox 347 2065 1391 2141; baseline -0.003 -18"><span class='ocrx_word' id='word_1_138' title='bbox 347 2067 423 2123; x_wconf 84' lang='lat' dir='ltr'><strong>ferri</strong></span> <span class='ocrx_word' id='word_1_139' title='bbox 439 2067 553 2140; x_wconf 86' lang='lat' dir='ltr'><strong>Optime</strong></span> <span class='ocrx_word' id='word_1_140' title='bbox 570 2067 724 2124; x_wconf 88' lang='lat' dir='ltr'><strong>illustratur</strong></span> <span class='ocrx_word' id='word_1_141' title='bbox 742 2070 877 2124; x_wconf 88' lang='lat' dir='ltr'><strong>translata</strong></span> <span class='ocrx_word' id='word_1_142' title='bbox 896 2069 955 2122; x_wconf 82' lang='lat' dir='ltr'><strong>haec</strong></span> <span class='ocrx_word' id='word_1_143' title='bbox 976 2065 1143 2141; x_wconf 88' lang='lat' dir='ltr'><strong>significatio</strong></span> <span class='ocrx_word' id='word_1_144' title='bbox 1161 2067 1226 2121; x_wconf 91' lang='lat' dir='ltr'><strong>loco</strong></span> <span class='ocrx_word' id='word_1_145' title='bbox 1242 2065 1391 2120; x_wconf 87' lang='lat' dir='ltr'><strong>Ciceronis</strong></span> 
     </span>
     <span class='ocr_line' id='line_1_19' title="bbox 347 2155 1390 2235; baseline -0.002 -21"><span class='ocrx_word' id='word_1_146' title='bbox 347 2159 379 2214; x_wconf 89' lang='lat' dir='ltr'><strong>in</strong></span> <span class='ocrx_word' id='word_1_147' title='bbox 396 2161 531 2229; x_wconf 89' lang='lat' dir='ltr'><strong>Verrem,</strong></span> <span class='ocrx_word' id='word_1_148' title='bbox 555 2179 610 2229; x_wconf 91' lang='grc' dir='ltr'><strong>ιιι,</strong></span> <span class='ocrx_word' id='word_1_149' title='bbox 625 2179 676 2234; x_wconf 84' lang='lat'><strong>79:</strong></span> <span class='ocrx_word' id='word_1_150' title='bbox 685 2163 791 2216; x_wconf 88' lang='lat' dir='ltr'><strong>Eorum</strong></span> <span class='ocrx_word' id='word_1_151' title='bbox 799 2160 947 2216; x_wconf 89' lang='lat' dir='ltr'><strong>homiuum</strong></span> <span class='ocrx_word' id='word_1_152' title='bbox 961 2157 1134 2235; x_wconf 88' lang='lat' dir='ltr'><strong>(scribarum)</strong></span> <span class='ocrx_word' id='word_1_153' title='bbox 1144 2155 1213 2214; x_wconf 88' lang='lat' dir='ltr'><strong>fidei</strong></span> <span class='ocrx_word' id='word_1_154' title='bbox 1221 2157 1323 2214; x_wconf 79' lang='lat' dir='ltr'><strong>tabulae</strong></span> <span class='ocrx_word' id='word_1_155' title='bbox 1331 2175 1390 2231; x_wconf 90' lang='lat' dir='ltr'><strong>pu-</strong></span> 
     </span>
     <span class='ocr_line' id='line_1_20' title="bbox 348 2249 1452 2326; baseline -0.001 -20"><span class='ocrx_word' id='word_1_156' title='bbox 348 2249 442 2320; x_wconf 88' lang='lat' dir='ltr'><strong>blicae,</strong></span> <span class='ocrx_word' id='word_1_157' title='bbox 454 2252 642 2326; x_wconf 82' lang='lat' dir='ltr'><strong>periculaque</strong></span> <span class='ocrx_word' id='word_1_158' title='bbox 660 2252 870 2325; x_wconf 82' lang='lat' dir='ltr'><strong>magistratuum</strong></span> <span class='ocrx_word' id='word_1_159' title='bbox 889 2251 1108 2306; x_wconf 90' lang='lat' dir='ltr'><strong>committuntur.</strong></span> <span class='ocrx_word' id='word_1_160' title='bbox 1152 2277 1154 2284; x_wconf 23' lang='lat' dir='ltr'><strong>a</strong></span> <span class='ocrx_word' id='word_1_161' title='bbox 1450 2319 1452 2324; x_wconf 9' lang='grc' dir='ltr'>Ἰ</span> 
     </span>
    </p>

    <p class='ocr_par' dir='ltr' id='par_1_4' title="bbox 349 2335 1390 2693">
     <span class='ocr_line' id='line_1_21' title="bbox 388 2335 1390 2412; baseline -0.003 -13"><span class='ocrx_word' id='word_1_162' title='bbox 388 2343 488 2399; x_wconf 89' lang='lat' dir='ltr'><strong>Caton.</strong></span> <span class='ocrx_word' id='word_1_163' title='bbox 503 2361 548 2412; x_wconf 87' lang='lat'><strong>11,</strong></span> <span class='ocrx_word' id='word_1_164' title='bbox 566 2344 599 2399; x_wconf 83' lang='lat'><strong>3:</strong></span> <span class='ocrx_word' id='word_1_165' title='bbox 614 2367 628 2394; x_wconf 73' lang='grc' dir='ltr'><strong>ι</strong></span> <span class='ocrx_word' id='word_1_166' title='bbox 637 2348 662 2398; x_wconf 81' lang='grc' dir='ltr'><strong>Α</strong></span> <span class='ocrx_word' id='word_1_167' title='bbox 678 2335 772 2400; x_wconf 88' lang='lat' dir='ltr'><strong>multis</strong></span> <span class='ocrx_word' id='word_1_168' title='bbox 785 2356 915 2411; x_wconf 75' lang='lat' dir='ltr'><strong>teutanes,</strong></span> <span class='ocrx_word' id='word_1_169' title='bbox 934 2363 994 2398; x_wconf 90' lang='lat' dir='ltr'><strong>non</strong></span> <span class='ocrx_word' id='word_1_170' title='bbox 1006 2344 1094 2399; x_wconf 93' lang='lat' dir='ltr'><strong>modo</strong></span> <span class='ocrx_word' id='word_1_171' title='bbox 1110 2344 1219 2398; x_wconf 90' lang='lat' dir='ltr'><strong>nullum</strong></span> <span class='ocrx_word' id='word_1_172' title='bbox 1231 2341 1390 2398; x_wconf 88' lang='lat' dir='ltr'><strong>detrimen-</strong></span> 
     </span>
     <span class='ocr_line' id='line_1_22' title="bbox 349 2433 1389 2510; baseline -0.004 -20"><span class='ocrx_word' id='word_1_173' title='bbox 349 2445 410 2490; x_wconf 88' lang='lat' dir='ltr'><strong>tum</strong></span> <span class='ocrx_word' id='word_1_174' title='bbox 425 2434 639 2491; x_wconf 84' lang='lat' dir='ltr'><strong>existimationis</strong></span> <span class='ocrx_word' id='word_1_175' title='bbox 655 2436 738 2505; x_wconf 77' lang='lat' dir='ltr'><strong>lecit‚</strong></span> <span class='ocrx_word' id='word_1_176' title='bbox 750 2435 812 2505; x_wconf 91' lang='lat' dir='ltr'><strong>sed,</strong></span> <span class='ocrx_word' id='word_1_177' title='bbox 831 2437 927 2510; x_wconf 89' lang='lat' dir='ltr'><strong>quoad</strong></span> <span class='ocrx_word' id='word_1_178' title='bbox 934 2435 1163 2505; x_wconf 82' lang='lat' dir='ltr'><strong>vixit,virtutum</strong></span> <span class='ocrx_word' id='word_1_179' title='bbox 1172 2434 1254 2490; x_wconf 91' lang='lat' dir='ltr'><strong>laude</strong></span> <span class='ocrx_word' id='word_1_180' title='bbox 1266 2433 1362 2492; x_wconf 85' lang='lat' dir='ltr'><strong>crevit.</strong></span> <span class='ocrx_word' id='word_1_181' title='bbox 1376 2457 1389 2482; x_wconf 72' lang='lat' dir='ltr'>n</span> 
     </span>
     <span class='ocr_line' id='line_1_23' title="bbox 353 2526 1390 2602; baseline -0.002 -20"><span class='ocrx_word' id='word_1_182' title='bbox 353 2528 481 2582; x_wconf 75' lang='lat' dir='ltr'><strong>Teutonas</strong></span> <span class='ocrx_word' id='word_1_183' title='bbox 496 2526 543 2582; x_wconf 80' lang='lat' dir='ltr'><strong>liic</strong></span> <span class='ocrx_word' id='word_1_184' title='bbox 560 2527 637 2582; x_wconf 91' lang='lat' dir='ltr'><strong>idem</strong></span> <span class='ocrx_word' id='word_1_185' title='bbox 656 2526 828 2602; x_wconf 82' lang='lat' dir='ltr'><strong>significare,</strong></span> <span class='ocrx_word' id='word_1_186' title='bbox 846 2547 878 2583; x_wconf 92' lang='lat' dir='ltr'><strong>ac</strong></span> <span class='ocrx_word' id='word_1_187' title='bbox 905 2529 934 2582; x_wconf 85' lang='lat' dir='ltr'><strong>in</strong></span> <span class='ocrx_word' id='word_1_188' title='bbox 945 2527 1082 2597; x_wconf 75' lang='lat' dir='ltr'><strong>judiacum</strong></span> <span class='ocrx_word' id='word_1_189' title='bbox 1105 2539 1239 2593; x_wconf 76' lang='lat' dir='ltr'><strong>vocaus,</strong></span> <span class='ocrx_word' id='word_1_190' title='bbox 1257 2545 1302 2582; x_wconf 91' lang='lat' dir='ltr'><strong>res</strong></span> <span class='ocrx_word' id='word_1_191' title='bbox 1326 2526 1390 2598; x_wconf 91' lang='lat' dir='ltr'><strong>ipsa</strong></span> 
     </span>
     <span class='ocr_line' id='line_1_24' title="bbox 350 2606 1389 2693; baseline -0.004 -17"><span class='ocrx_word' id='word_1_192' title='bbox 350 2617 442 2676; x_wconf 86' lang='lat' dir='ltr'><strong>docet.</strong></span> <span class='ocrx_word' id='word_1_193' title='bbox 451 2618 510 2674; x_wconf 87' lang='lat' dir='ltr'><strong>Sed</strong></span> <span class='ocrx_word' id='word_1_194' title='bbox 517 2618 608 2674; x_wconf 86' lang='lat' dir='ltr'><strong>rarior</strong></span> <span class='ocrx_word' id='word_1_195' title='bbox 616 2626 659 2675; x_wconf 91' lang='lat' dir='ltr'><strong>e&#39;st</strong></span> <span class='ocrx_word' id='word_1_196' title='bbox 672 2606 753 2690; x_wconf 82' lang='lat' dir='ltr'><strong>usus,</strong></span> <span class='ocrx_word' id='word_1_197' title='bbox 767 2631 794 2676; x_wconf 89' lang='lat' dir='ltr'><strong>et</strong></span> <span class='ocrx_word' id='word_1_198' title='bbox 808 2639 871 2676; x_wconf 91' lang='lat' dir='ltr'><strong>eum</strong></span> <span class='ocrx_word' id='word_1_199' title='bbox 885 2638 962 2676; x_wconf 89' lang='lat' dir='ltr'><strong>neca</strong></span> <span class='ocrx_word' id='word_1_200' title='bbox 975 2623 1101 2676; x_wconf 88' lang='lat' dir='ltr'><strong>Gesnero</strong></span> <span class='ocrx_word' id='word_1_201' title='bbox 1110 2619 1280 2693; x_wconf 83' lang='lat' dir='ltr'><strong>explicatum</strong></span> <span class='ocrx_word' id='word_1_202' title='bbox 1292 2618 1389 2673; x_wconf 87' lang='lat' dir='ltr'><strong>video.</strong></span> 
     </span>
    </p>

    <p class='ocr_par' dir='ltr' id='par_1_5' title="bbox 347 2711 1392 3344">
     <span class='ocr_line' id='line_1_25' title="bbox 389 2711 1391 2786; baseline 0 -20"><span class='ocrx_word' id='word_1_203' title='bbox 389 2711 471 2767; x_wconf 78' lang='lat' dir='ltr'><strong>Attio.</strong></span> <span class='ocrx_word' id='word_1_204' title='bbox 490 2729 589 2782; x_wconf 85' lang='lat' dir='ltr'><strong>xvtrr,</strong></span> <span class='ocrx_word' id='word_1_205' title='bbox 609 2731 626 2767; x_wconf 88' lang='lat' dir='ltr'><strong>a</strong></span> <span class='ocrx_word' id='word_1_206' title='bbox 646 2732 653 2766; x_wconf 72' lang='grc' dir='ltr'><strong><em>ε</em></strong></span> <span class='ocrx_word' id='word_1_207' title='bbox 672 2713 717 2769; x_wconf 92' lang='lat' dir='ltr'><strong>Sic</strong></span> <span class='ocrx_word' id='word_1_208' title='bbox 734 2712 901 2768; x_wconf 77' lang='lat' dir='ltr'><strong>familiarum</strong></span> <span class='ocrx_word' id='word_1_209' title='bbox 920 2712 1058 2786; x_wconf 83' lang='lat' dir='ltr'><strong>originem</strong></span> <span class='ocrx_word' id='word_1_210' title='bbox 1074 2713 1220 2768; x_wconf 69' lang='lat' dir='ltr'><strong>subtexuit.</strong></span> <span class='ocrx_word' id='word_1_211' title='bbox 1234 2711 1391 2767; x_wconf 84' lang='lat' dir='ltr'><strong>subtexere</strong></span> 
     </span>
     <span class='ocr_line' id='line_1_26' title="bbox 347 2803 1391 2878; baseline 0.001 -21"><span class='ocrx_word' id='word_1_212' title='bbox 347 2805 431 2858; x_wconf 86' lang='lat' dir='ltr'><strong>¹notat</strong></span> <span class='ocrx_word' id='word_1_213' title='bbox 444 2804 577 2858; x_wconf 73' lang='lat' dir='ltr'><strong>anauahen</strong></span> <span class='ocrx_word' id='word_1_214' title='bbox 584 2843 594 2871; x_wconf 92' lang='lat'><strong>,</strong></span> <span class='ocrx_word' id='word_1_215' title='bbox 609 2806 655 2860; x_wconf 86' lang='lat' dir='ltr'><strong>vel</strong></span> <span class='ocrx_word' id='word_1_216' title='bbox 665 2804 744 2878; x_wconf 86' lang='lat' dir='ltr'><strong>qnod</strong></span> <span class='ocrx_word' id='word_1_217' title='bbox 759 2805 843 2860; x_wconf 89' lang='lat' dir='ltr'><strong>etiam</strong></span> <span class='ocrx_word' id='word_1_218' title='bbox 856 2825 873 2860; x_wconf 91' lang='lat' dir='ltr'><strong>a</strong></span> <span class='ocrx_word' id='word_1_219' title='bbox 885 2804 1032 2860; x_wconf 84' lang='lat' dir='ltr'><strong>Germanis</strong></span> <span class='ocrx_word' id='word_1_220' title='bbox 1050 2805 1086 2860; x_wconf 91' lang='lat' dir='ltr'><strong>ad</strong></span> <span class='ocrx_word' id='word_1_221' title='bbox 1103 2804 1249 2860; x_wconf 88' lang='lat' dir='ltr'><strong>materiam</strong></span> <span class='ocrx_word' id='word_1_222' title='bbox 1264 2803 1296 2858; x_wconf 92' lang='lat' dir='ltr'><strong>in</strong></span> <span class='ocrx_word' id='word_1_223' title='bbox 1307 2803 1391 2858; x_wconf 88' lang='lat' dir='ltr'><strong>libris</strong></span> 
     </span>
     <span class='ocr_line' id='line_1_27' title="bbox 351 2881 1391 2967; baseline 0.004 -19"><span class='ocrx_word' id='word_1_224' title='bbox 351 2905 496 2950; x_wconf 83' lang='lat' dir='ltr'><strong>tractatam</strong></span> <span class='ocrx_word' id='word_1_225' title='bbox 505 2895 684 2967; x_wconf 80' lang='lat' dir='ltr'><strong>transfertur,</strong></span> <span class='ocrx_word' id='word_1_226' title='bbox 697 2898 776 2952; x_wconf 71' lang='lat' dir='ltr'><strong>druia</strong></span> <span class='ocrx_word' id='word_1_227' title='bbox 788 2897 942 2952; x_wconf 71' lang='lat' dir='ltr'><strong>semehen.</strong></span> <span class='ocrx_word' id='word_1_228' title='bbox 956 2896 1002 2952; x_wconf 89' lang='lat' dir='ltr'><strong>Sic</strong></span> <span class='ocrx_word' id='word_1_229' title='bbox 1015 2896 1128 2952; x_wconf 85' lang='lat' dir='ltr'><strong>Livius:</strong></span> <span class='ocrx_word' id='word_1_230' title='bbox 1141 2881 1274 2953; x_wconf 78' lang='lat' dir='ltr'><strong>subtexit</strong></span> <span class='ocrx_word' id='word_1_231' title='bbox 1284 2895 1391 2952; x_wconf 90' lang='lat' dir='ltr'><strong>deinde</strong></span> 
     </span>
     <span class='ocr_line' id='line_1_28' title="bbox 352 2984 1392 3063; baseline 0.004 -23"><span class='ocrx_word' id='word_1_232' title='bbox 352 2984 452 3040; x_wconf 81' lang='lat' dir='ltr'><strong>fabula</strong></span> <span class='ocrx_word' id='word_1_233' title='bbox 465 2985 543 3055; x_wconf 75' lang='lat' dir='ltr'><strong>hinc,</strong></span> <span class='ocrx_word' id='word_1_234' title='bbox 556 2996 606 3042; x_wconf 89' lang='lat' dir='ltr'><strong>etc.</strong></span> <span class='ocrx_word' id='word_1_235' title='bbox 621 2988 717 3044; x_wconf 89' lang='lat' dir='ltr'><strong>Innuit</strong></span> <span class='ocrx_word' id='word_1_236' title='bbox 730 2989 890 3059; x_wconf 88' lang='lat' dir='ltr'><strong>Cornelius,</strong></span> <span class='ocrx_word' id='word_1_237' title='bbox 902 2989 1025 3044; x_wconf 79' lang='lat' dir='ltr'><strong>Atticum</strong></span> <span class='ocrx_word' id='word_1_238' title='bbox 1038 2989 1126 3057; x_wconf 89' lang='lat' dir='ltr'><strong>libro,</strong></span> <span class='ocrx_word' id='word_1_239' title='bbox 1140 3007 1197 3063; x_wconf 92' lang='lat' dir='ltr'><strong>quo</strong></span> <span class='ocrx_word' id='word_1_240' title='bbox 1212 2988 1392 3062; x_wconf 85' lang='lat' dir='ltr'><strong>magistratus</strong></span> 
     </span>
     <span class='ocr_line' id='line_1_29' title="bbox 352 3076 1391 3153; baseline 0.004 -23"><span class='ocrx_word' id='word_1_241' title='bbox 352 3076 489 3146; x_wconf 89' lang='lat' dir='ltr'><strong>ornabat,</strong></span> <span class='ocrx_word' id='word_1_242' title='bbox 503 3095 548 3132; x_wconf 89' lang='lat' dir='ltr'><strong>res</strong></span> <span class='ocrx_word' id='word_1_243' title='bbox 564 3079 757 3153; x_wconf 80' lang='lat' dir='ltr'><strong>genealogicae</strong></span> <span class='ocrx_word' id='word_1_244' title='bbox 772 3080 840 3136; x_wconf 83' lang='lat' dir='ltr'><strong>scite</strong></span> <span class='ocrx_word' id='word_1_245' title='bbox 858 3081 1045 3136; x_wconf 86' lang='lat' dir='ltr'><strong>admiscuisse.</strong></span> <span class='ocrx_word' id='word_1_246' title='bbox 1064 3083 1128 3136; x_wconf 89' lang='lat' dir='ltr'><strong>Non</strong></span> <span class='ocrx_word' id='word_1_247' title='bbox 1146 3082 1238 3136; x_wconf 91' lang='lat' dir='ltr'><strong>solum</strong></span> <span class='ocrx_word' id='word_1_248' title='bbox 1257 3081 1331 3135; x_wconf 90' lang='lat' dir='ltr'><strong>hanc</strong></span> <span class='ocrx_word' id='word_1_249' title='bbox 1347 3081 1391 3134; x_wconf 89' lang='lat' dir='ltr'><strong>si-</strong></span> 
     </span>
     <span class='ocr_line' id='line_1_30' title="bbox 352 3165 1392 3243; baseline 0.005 -20"><span class='ocrx_word' id='word_1_250' title='bbox 352 3165 562 3242; x_wconf 85' lang='lat' dir='ltr'><strong>gnificationem</strong></span> <span class='ocrx_word' id='word_1_251' title='bbox 575 3189 634 3226; x_wconf 90' lang='lat' dir='ltr'><strong>non</strong></span> <span class='ocrx_word' id='word_1_252' title='bbox 647 3172 798 3228; x_wconf 85' lang='lat' dir='ltr'><strong>enodatam</strong></span> <span class='ocrx_word' id='word_1_253' title='bbox 810 3173 894 3229; x_wconf 85' lang='lat' dir='ltr'><strong>video</strong></span> <span class='ocrx_word' id='word_1_254' title='bbox 908 3193 924 3227; x_wconf 93' lang='lat' dir='ltr'><strong>a</strong></span> <span class='ocrx_word' id='word_1_255' title='bbox 937 3173 1223 3243; x_wconf 86' lang='lat' dir='ltr'><strong>commentatoribus,</strong></span> <span class='ocrx_word' id='word_1_256' title='bbox 1240 3174 1292 3229; x_wconf 90' lang='lat' dir='ltr'><strong>sed</strong></span> <span class='ocrx_word' id='word_1_257' title='bbox 1304 3174 1392 3228; x_wconf 88' lang='lat' dir='ltr'><strong>etiam</strong></span> 
     </span>
     <span class='ocr_line' id='line_1_31' title="bbox 352 3249 1076 3344; baseline 0.008 -30"><span class='ocrx_word' id='word_1_258' title='bbox 352 3260 383 3316; x_wconf 87' lang='lat' dir='ltr'><strong>in</strong></span> <span class='ocrx_word' id='word_1_259' title='bbox 398 3261 497 3344; x_wconf 82' lang='lat' dir='ltr'><strong>Indice</strong></span> <span class='ocrx_word' id='word_1_260' title='bbox 512 3263 657 3318; x_wconf 87' lang='lat' dir='ltr'><strong>latinitatis</strong></span> <span class='ocrx_word' id='word_1_261' title='bbox 672 3249 794 3322; x_wconf 73' lang='lat' dir='ltr'><strong>Bouiano</strong></span> <span class='ocrx_word' id='word_1_262' title='bbox 812 3265 883 3322; x_wconf 81' lang='lat' dir='ltr'><strong>falso</strong></span> <span class='ocrx_word' id='word_1_263' title='bbox 900 3265 1076 3339; x_wconf 83' lang='lat' dir='ltr'><strong>explicatam.</strong></span> 
     </span>
    </p>

    <p class='ocr_par' dir='ltr' id='par_1_6' title="bbox 352 3353 1392 3889">
     <span class='ocr_line' id='line_1_32' title="bbox 393 3353 1391 3427; baseline 0.004 -17"><span class='ocrx_word' id='word_1_264' title='bbox 393 3353 475 3410; x_wconf 67' lang='lat' dir='ltr'><strong>attic.</strong></span> <span class='ocrx_word' id='word_1_265' title='bbox 496 3367 592 3423; x_wconf 74' lang='lat' dir='ltr'><strong>rx,&#39;1‚</strong></span> <span class='ocrx_word' id='word_1_266' title='bbox 614 3355 663 3412; x_wconf 88' lang='lat' dir='ltr'><strong>ct&#39;r.</strong></span> <span class='ocrx_word' id='word_1_267' title='bbox 686 3374 754 3427; x_wconf 78' lang='lat' dir='ltr'><strong>xm,</strong></span> <span class='ocrx_word' id='word_1_268' title='bbox 778 3357 808 3426; x_wconf 81' lang='lat'><strong>3,</strong></span> <span class='ocrx_word' id='word_1_269' title='bbox 829 3357 914 3412; x_wconf 88' lang='lat' dir='ltr'><strong>utitur</strong></span> <span class='ocrx_word' id='word_1_270' title='bbox 934 3368 1030 3414; x_wconf 90' lang='lat' dir='ltr'><strong>auctor</strong></span> <span class='ocrx_word' id='word_1_271' title='bbox 1051 3376 1120 3414; x_wconf 87' lang='lat' dir='ltr'><strong>voce</strong></span> <span class='ocrx_word' id='word_1_272' title='bbox 1140 3359 1331 3426; x_wconf 62' lang='lat' dir='ltr'><strong>diurnatione,</strong></span> <span class='ocrx_word' id='word_1_273' title='bbox 1355 3378 1391 3414; x_wconf 93' lang='lat' dir='ltr'><strong>eo</strong></span> 
     </span>
     <span class='ocr_line' id='line_1_33' title="bbox 352 3447 1392 3525; baseline 0.007 -25"><span class='ocrx_word' id='word_1_274' title='bbox 352 3463 449 3514; x_wconf 84' lang='lat' dir='ltr'><strong>sensu,</strong></span> <span class='ocrx_word' id='word_1_275' title='bbox 462 3464 518 3518; x_wconf 92' lang='lat' dir='ltr'><strong>quo</strong></span> <span class='ocrx_word' id='word_1_276' title='bbox 530 3447 615 3520; x_wconf 91' lang='lat' dir='ltr'><strong>longe</strong></span> <span class='ocrx_word' id='word_1_277' title='bbox 628 3448 707 3503; x_wconf 89' lang='lat' dir='ltr'><strong>abest</strong></span> <span class='ocrx_word' id='word_1_278' title='bbox 719 3468 736 3503; x_wconf 92' lang='lat' dir='ltr'><strong>a</strong></span> <span class='ocrx_word' id='word_1_279' title='bbox 749 3448 924 3505; x_wconf 86' lang='lat' dir='ltr'><strong>divinatione</strong></span> <span class='ocrx_word' id='word_1_280' title='bbox 937 3448 986 3504; x_wconf 89' lang='lat' dir='ltr'><strong>illa</strong></span> <span class='ocrx_word' id='word_1_281' title='bbox 999 3450 1203 3523; x_wconf 86' lang='lat' dir='ltr'><strong>superstitiosa,</strong></span> <span class='ocrx_word' id='word_1_282' title='bbox 1216 3470 1301 3525; x_wconf 89' lang='lat' dir='ltr'><strong>quam</strong></span> <span class='ocrx_word' id='word_1_283' title='bbox 1313 3471 1392 3506; x_wconf 85' lang='lat' dir='ltr'><strong>arna-</strong></span> 
     </span>
     <span class='ocr_line' id='line_1_34' title="bbox 352 3535 1391 3613; baseline 0.008 -21"><span class='ocrx_word' id='word_1_284' title='bbox 352 3535 423 3594; x_wconf 87' lang='lat' dir='ltr'><strong>bant</strong></span> <span class='ocrx_word' id='word_1_285' title='bbox 444 3547 569 3607; x_wconf 81' lang='lat' dir='ltr'><strong>veteres,</strong></span> <span class='ocrx_word' id='word_1_286' title='bbox 589 3550 617 3594; x_wconf 88' lang='lat' dir='ltr'><strong>et</strong></span> <span class='ocrx_word' id='word_1_287' title='bbox 640 3559 725 3613; x_wconf 88' lang='lat' dir='ltr'><strong>quam</strong></span> <span class='ocrx_word' id='word_1_288' title='bbox 745 3539 846 3613; x_wconf 87' lang='lat' dir='ltr'><strong>religio</strong></span> <span class='ocrx_word' id='word_1_289' title='bbox 868 3542 1017 3598; x_wconf 89' lang='lat' dir='ltr'><strong>christiana</strong></span> <span class='ocrx_word' id='word_1_290' title='bbox 1040 3541 1088 3596; x_wconf 86' lang='lat' dir='ltr'><strong>vix</strong></span> <span class='ocrx_word' id='word_1_291' title='bbox 1110 3544 1224 3599; x_wconf 90' lang='lat' dir='ltr'><strong>tandem</strong></span> <span class='ocrx_word' id='word_1_292' title='bbox 1249 3543 1391 3600; x_wconf 79' lang='lat' dir='ltr'><strong>eradicare</strong></span> 
     </span>
     <span class='ocr_line' id='line_1_35' title="bbox 352 3629 1390 3706; baseline 0.007 -23"><span class='ocrx_word' id='word_1_293' title='bbox 352 3629 455 3704; x_wconf 83' lang='lat' dir='ltr'><strong>potuit</strong></span> <span class='ocrx_word' id='word_1_294' title='bbox 474 3631 573 3687; x_wconf 89' lang='lat' dir='ltr'><strong>Mutuo</strong></span> <span class='ocrx_word' id='word_1_295' title='bbox 591 3649 620 3686; x_wconf 88' lang='lat' dir='ltr'><strong>se</strong></span> <span class='ocrx_word' id='word_1_296' title='bbox 636 3632 777 3706; x_wconf 86' lang='lat' dir='ltr'><strong>explicant</strong></span> <span class='ocrx_word' id='word_1_297' title='bbox 796 3633 826 3686; x_wconf 91' lang='lat' dir='ltr'><strong>hi</strong></span> <span class='ocrx_word' id='word_1_298' title='bbox 848 3633 905 3702; x_wconf 81' lang='lat' dir='ltr'><strong>duo</strong></span> <span class='ocrx_word' id='word_1_299' title='bbox 923 3635 992 3702; x_wconf 89' lang='lat' dir='ltr'><strong>loci,</strong></span> <span class='ocrx_word' id='word_1_300' title='bbox 1010 3645 1039 3690; x_wconf 91' lang='lat' dir='ltr'><strong>et</strong></span> <span class='ocrx_word' id='word_1_301' title='bbox 1051 3647 1217 3692; x_wconf 48' lang='lat' dir='ltr'><strong>monstrant¹</strong></span> <span class='ocrx_word' id='word_1_302' title='bbox 1231 3647 1390 3705; x_wconf 89' lang='lat' dir='ltr'><strong>auctorem,</strong></span> 
     </span>
     <span class='ocr_line' id='line_1_36' title="bbox 353 3722 1391 3801; baseline 0.009 -28"><span class='ocrx_word' id='word_1_303' title='bbox 353 3737 438 3791; x_wconf 89' lang='lat' dir='ltr'><strong>supra</strong></span> <span class='ocrx_word' id='word_1_304' title='bbox 461 3722 584 3776; x_wconf 89' lang='lat' dir='ltr'><strong>seculum</strong></span> <span class='ocrx_word' id='word_1_305' title='bbox 608 3742 687 3778; x_wconf 89' lang='lat' dir='ltr'><strong>suum</strong></span> <span class='ocrx_word' id='word_1_306' title='bbox 711 3724 879 3796; x_wconf 89' lang='lat' dir='ltr'><strong>sapientem,</strong></span> <span class='ocrx_word' id='word_1_307' title='bbox 905 3745 1005 3799; x_wconf 87' lang='lat' dir='ltr'><strong>parum</strong></span> <span class='ocrx_word' id='word_1_308' title='bbox 1028 3727 1160 3784; x_wconf 86' lang='lat' dir='ltr'><strong>tribuisse</strong></span> <span class='ocrx_word' id='word_1_309' title='bbox 1182 3728 1391 3801; x_wconf 89' lang='lat' dir='ltr'><strong>superstitioni,</strong></span> 
     </span>
     <span class='ocr_line' id='line_1_37' title="bbox 352 3811 1391 3889; baseline 0.009 -25"><span class='ocrx_word' id='word_1_310' title='bbox 352 3811 473 3866; x_wconf 90' lang='lat' dir='ltr'><strong>multum</strong></span> <span class='ocrx_word' id='word_1_311' title='bbox 487 3830 556 3868; x_wconf 77' lang='lat' dir='ltr'><strong>vero</strong></span> <span class='ocrx_word' id='word_1_312' title='bbox 573 3814 728 3887; x_wconf 78' lang='lat' dir='ltr'><strong>prudentiae</strong></span> <span class='ocrx_word' id='word_1_313' title='bbox 751 3825 780 3870; x_wconf 94' lang='lat' dir='ltr'><strong>et</strong></span> <span class='ocrx_word' id='word_1_314' title='bbox 801 3817 977 3887; x_wconf 88' lang='lat' dir='ltr'><strong>constantiae,</strong></span> <span class='ocrx_word' id='word_1_315' title='bbox 990 3829 1018 3873; x_wconf 91' lang='lat' dir='ltr'><strong>et</strong></span> <span class='ocrx_word' id='word_1_316' title='bbox 1035 3819 1205 3889; x_wconf 88' lang='lat' dir='ltr'><strong>credidisse,</strong></span> <span class='ocrx_word' id='word_1_317' title='bbox 1224 3819 1254 3874; x_wconf 93' lang='lat' dir='ltr'><strong>in</strong></span> <span class='ocrx_word' id='word_1_318' title='bbox 1269 3819 1313 3875; x_wconf 90' lang='lat' dir='ltr'><strong>his</strong></span> <span class='ocrx_word' id='word_1_319' title='bbox 1330 3820 1391 3873; x_wconf 84' lang='lat' dir='ltr'><strong>vir—</strong></span> 
     </span>
    </p>
   </div>
   <div class='ocr_carea' id='block_1_3' title="bbox 354 3902 1392 4064">
    <p class='ocr_par' dir='ltr' id='par_1_7' title="bbox 354 3902 1392 4064">
     <span class='ocr_line' id='line_1_38' title="bbox 354 3902 1392 3986; baseline 0.01 -30"><span class='ocrx_word' id='word_1_320' title='bbox 354 3902 459 3958; x_wconf 82' lang='lat' dir='ltr'><strong>tutibus</strong></span> <span class='ocrx_word' id='word_1_321' title='bbox 471 3904 626 3976; x_wconf 88' lang='lat' dir='ltr'><strong>conjunctis</strong></span> <span class='ocrx_word' id='word_1_322' title='bbox 641 3924 736 3962; x_wconf 87' lang='lat' dir='ltr'><strong>veram</strong></span> <span class='ocrx_word' id='word_1_323' title='bbox 752 3907 833 3966; x_wconf 89' lang='lat' dir='ltr'><strong>sitam</strong></span> <span class='ocrx_word' id='word_1_324' title='bbox 847 3929 905 3966; x_wconf 89' lang='lat' dir='ltr'><strong>esse</strong></span> <span class='ocrx_word' id='word_1_325' title='bbox 919 3910 1067 3966; x_wconf 82' lang='lat' dir='ltr'><strong>divinandi</strong></span> <span class='ocrx_word' id='word_1_326' title='bbox 1080 3923 1185 3980; x_wconf 89' lang='lat' dir='ltr'><strong>artem,</strong></span> <span class='ocrx_word' id='word_1_327' title='bbox 1199 3913 1229 3967; x_wconf 91' lang='lat' dir='ltr'><strong>id</strong></span> <span class='ocrx_word' id='word_1_328' title='bbox 1242 3923 1297 3983; x_wconf 89' lang='lat' dir='ltr'><strong>est,</strong></span> <span class='ocrx_word' id='word_1_329' title='bbox 1309 3931 1392 3986; x_wconf 90' lang='lat' dir='ltr'><strong>pros-</strong></span> 
     </span>
     <span class='ocr_line' id='line_1_39' title="bbox 354 3992 845 4064; baseline 0.018 -17"><span class='ocrx_word' id='word_1_330' title='bbox 354 3992 478 4064; x_wconf 89' lang='lat' dir='ltr'><strong>piciendi</strong></span> <span class='ocrx_word' id='word_1_331' title='bbox 492 3995 546 4052; x_wconf 90' lang='lat' dir='ltr'><strong>sibi</strong></span> <span class='ocrx_word' id='word_1_332' title='bbox 563 3997 593 4054; x_wconf 87' lang='lat' dir='ltr'><strong>in</strong></span> <span class='ocrx_word' id='word_1_333' title='bbox 611 3998 695 4054; x_wconf 88' lang='lat' dir='ltr'><strong>rebus</strong></span> <span class='ocrx_word' id='word_1_334' title='bbox 713 4000 845 4056; x_wconf 83' lang='lat' dir='ltr'><strong>adversis.</strong></span> 
     </span>
    </p>
   </div>
   <div class='ocr_carea' id='block_1_4' title="bbox 0 0 1577 5032">
    <p class='ocr_par' dir='ltr' id='par_1_8' title="bbox 0 0 1577 5032">
     <span class='ocr_line' id='line_1_40' title="bbox 0 0 1577 5032; baseline 0 0"><span class='ocrx_word' id='word_1_335' title='bbox 0 0 1577 5032; x_wconf 95' lang='lat' dir='ltr'><strong> </strong></span> 
     </span>
    </p>
   </div>
  </div>
 </body>
</html>
