3168 5048
792 757 928 828 XXIII.

666 1078 1060 1185 HANNIBAL.

787 1467 945 1486 —--—

349 1715 581 1861 Hartman,
605 1771 797 1842 Hamilcaris
823 1772 927 1862 filius,
949 1774 1242 1868 Carthaginiensis.'
1263 1775 1298 1844 Si
1323 1800 1382 1844 ve-

349 1919 425 1963 rum
442 1907 507 1986 est,
525 1891 615 1986 quod
631 1917 728 1961 nemo
746 1892 891 1980 dubitat,
911 1907 949 1962 ut
972 1892 1115 1989 populus
1134 1919 1290 1964 romanus
1307 1920 1382 1962 om·

268 2023 270 2033 ¹
350 2026 540 2106 nes‘gentes
556 2012 678 2080 virtute
696 2013 871 2106 superarit,
893 2037 960 2080 non
978 2027 1028 2081 est
1049 2011 1276 2102 inficiandum,
1294 2018 1384 2082 Han-

350 2131 491 2202 nibalem
509 2146 601 2201 tanto
619 2125 946 2228 praestitisse'ceteros
963 2133 1174 2226 imperatores
1191 2107 1383 2226 prudentia,

349 2267 474 2346 quanto
497 2250 818 2348 populus'romanus
842 2250 1012 2319 antecedat
1035 2250 1227 2319 fortitudine
1248 2265 1399 2319 cunctas,

350 2373 508 2440 nationes.
526 2370 612 2441 Nam
633 2372 891 2463 quotiescunque
912 2395 987 2437 cum
1007 2394 1046 2437 eo
1064 2394 1257 2462 congressus
1279 2383 1329 2437 est
1348 2369 1384 2436 in

277 2561 280 2566 ,
348 2488 458 2576 Italia,
475 2514 602 2583 semper
619 2489 765 2558 discessit
782 2490 940 2585 superior.
959 2487 1060 2576 Quod
1076 2490 1137 2557 nisi
1157 2489 1246 2558 domi
1263 2490 1383 2557 civium

245 2669 252 2678 .
351 2603 487 2678 suorum
505 2608 627 2676 invidia
643 2606 829 2677 debilitatus
847 2623 945 2696 esset,
962 2612 1128 2677 Romanos
1146 2607 1314 2676 videretur
1334 2633 1385 2676 su·

350 2714 465 2823 perere
484 2728 644 2822 potuisse,
664 2727 720 2796 sed
740 2725 920 2798 multorum
936 2728 1137 2802 obtrectatio¹
1150 2727 1269 2795 devicit
1286 2728 1385 2795 unius

351 2847 516 2914 virtutem.
536 2847 599 2914 Hic
612 2861 722 2914 autem
738 2845 828 2915 velut
845 2845 1023 2914 hereditate
1039 2845 1188 2914 relictum
1204 2845 1318 2914 odium
1332 2871 1387 2940 pa·

351 2979 483 3032 ternum
495 2989 572 3057 erga
584 2968 750 3034 Romanos
766 2966 811 3034 sic
827 2967 1046 3054 conservavit,
1065 2980 1103 3033 ut
1115 2959 1211 3060 'prius
1226 2966 1384 3052 animam,

352 3106 450 3176 quam
463 3083 513 3170 id,
530 3083 699 3179 deposuit:
712 3085 770 3178 qui
778 3084 923 3178 quidem,
931 3109 1034 3176 quum
1042 3085 1148 3177 patria
1161 3083 1277 3178 pulsus
1287 3099 1385 3171 esset,

352 3216 386 3272 et
405 3200 585 3272 alienarum
601 3229 702 3299 opum
722 3204 897 3297 indigeret,
915 3228 1085 3296 nunquam
1102 3203 1262 3273 destiterit
1276 3205 1385 3274 animo

352 3321 473 3392 bellare
490 3348 566 3391 cum
582 3325 748 3392 Romanis.
842 3325 843 3330 ’

351 3469 355 3478 ·
402 3446 445 3512 ΙΙ.
471 3446 571 3531 Nam,
590 3457 627 3512 ut
640 3445 788 3512 omittam
799 3441 1004 3538 Philippum,
1019 3467 1115 3534 quem
1128 3443 1244 3511 absens
1259 3445 1386 3513 bostem

353 3561 495 3630 reddidit
508 3565 679 3650 Romanis,
692 3566 840 3631 omnium
857 3562 909 3631 his
923 3562 1124 3657 temporibus
1143 3551 1386 3657 potentissimus

337 3687 411 3750 'rex
431 3681 614 3751 Antiochus
633 3683 705 3750 fuit.
729 3685 826 3752 Hunc
848 3696 940 3749 tanta
961 3681 1139 3776 cupiditate
1159 3682 1303 3750 incendit
1322 3680 1388 3749 bel·

354 3800 459 3889 landi,
480 3814 519 3870 ut
541 3824 644 3893 usque
662 3825 681 3868 a
698 3801 813 3870 Rubro
833 3801 916 3869 mari
935 3825 1026 3868 arma
1045 3813 1183 3868 conatus
1208 3801 1250 3868 sit
1268 3799 1387 3867 inferre

355 3911 474 3989 Italiae.¹
486 3920 538 3990 Id
561 3944 658 4014 quem
676 3945 778 4013 quum
803 3918 901 4014 legati
926 3921 1089 3988 venissent
1109 3920 1252 4007 romani,
1270 3919 1328 4010 qui
1347 3917 1387 3986 de

356 4039 426 4130 ejus
448 4037 617 4108 voluntate
640 4037 865 4133 explorarent,
888 4038 1067 4130 darentque
1090 4061 1223 4131 operam
1245 4035 1387 4106 consiliis
