3114 5032
525 525 845 583 OBSERVATION'ES.
1084 529 1094 544 “
1146 545 1200 584 aot

166 660 310 723 putantes,
330 656 470 717 asserunt,
490 657 632 706 auctorem
648 668 707 705 non
723 651 759 706 de
773 652 829 708 illo
847 668 908 706 aevo
924 651 1016 724 loqui,
1035 669 1091 725 quo
1111 651 1204 727 impe-

166 751 274 798 ratores
290 740 453 810 Pausanias,
466 739 627 815 Lysander,
640 742 785 816 Agesilaus
803 742 950 812 vixerunt,
968 743 1016 798 sed
1028 743 1064 799 de
1081 763 1130 814 eo,
1147 763 1204 818 quo

167 833 240 890 liber
258 833 432 905 conscriptus
454 833 621 906 putabatur,
640 834 794 890 Theodosii
813 852 916 908 nempe
935 845 1031 904 aetate3
1048 845 1115 890 tunc
1132 836 1205 902 sorte
1274 887 1277 890 .

168 924 279 980 habitos
294 923 495 991 lacedaemone
508 923 592 980 ludos
607 926 747 996 scenicos,
760 926 915 982 tune-sorte
932 925 1029 982 viduas
1042 927 1152 982 nobiles
1165 928 1205 982 eis

168 1015 295 1071 adlisisse.
314 1017 383 1070 Tam
403 1016 510 1072 absona
530 1026 572 1074 est
588 1017 649 1072 baec
664 1013 838 1090 conjectura,
856 1025 900 1074 tot
919 1029 1017 1073 eontra
1034 1037 1095 1074 eam
1110 1020 1205 1074 valent
1287 1019 1290 1026 ’

168 1106 306 1176 rationes,
321 1117 353 1163 ut
375 1107 606 1182 operaepretium
622 1127 681 1164 non
698 1109 734 1164 sit
752 1110 779 1164 ei
792 1110 953 1166 refellendae
970 1110 1124 1166 immorari.
1144 1111 1205 1166 Nec

88 1262 92 1270 q
166 1199 342 1254 mentionem
361 1199 421 1271 ejus
435 1199 579 1269 iecissem,
591 1200 647 1255 nisi
662 1219 707 1270 ea,
726 1201 805 1275 quod
820 1201 939 1269 mirum,
951 1202 1083 1257 Lambini
1098 1215 1204 1257 nomen

168 1309 224 1365 prae
238 1309 267 1346 se
281 1291 374 1346 ferret.
388 1292 423 1346 In
436 1292 562 1346 chartam
574 1285 725 1364 conjecisse
736 1293 848 1350 videtur
861 1293 1014 1349 Lambinus
1022 1294 1095 1349 hanc
1109 1294 1206 1370 obser-

168 1383 327 1452 vationem,
341 1392 491 1457 antequam
506 1384 594 1441 iactus
610 1395 651 1439 est
668 1385 787 1454 certior,
802 1387 941 1459 Nepotem
957 1403 1016 1441 esse
1029 1399 1127 1441 rerum
1140 1384 1206 1440 libri

170 1485 327 1545 auctorem3
347 1485 444 1550 postea
463 1476 541 1532 illam
558 1475 652 1532 delere
675 1477 789 1532 oblitus.
809 1479 950 1532 Monstrat
962 1478 1017 1532 boe
1032 1461 1205 1549 exemplum,

169 1566 330 1640 purgandos
356 1584 415 1624 esse
440 1586 457 1623 a
480 1568 620 1642 lapsibus,
641 1568 817 1625 sive·ealami
838 1569 896 1624 sive
914 1568 1029 1640 judicii,
1047 1568 1205 1624 doctiorum

169 1658 252 1714 etiam
269 1659 397 1714 unorum
416 1660 646 1729 commentarios,
659 1660 683 1715 si
702 1661 800 1716 iterata
819 1660 944 1716 editione
955 1670 1129 1733 repetuntur.
1145 1661 1205 1714 Ex·-

169 1749 276 1823 plicant
287 1751 336 1806 alii
348 1769 462 1808 scenam
477 1769 530 1825 per
542 1753 624 1810 ludos
637 1752 839 1827 gymnasticos,
852 1770 923 1825 quos
936 1752 1138 1808 Lacedaemone
1147 1770 1207 1831 ma-

169 1861 227 1917 gno
238 1843 270 1898 in
285 1843 378 1916 pretio
395 1843 480 1900 tuisse
493 1844 610 1914 sciram,
623 1845 740 1902 feminas
753 1863 867 1918 quoquc
880 1845 920 1900 eis
933 1845 1066 1900 admissas
1080 1863 1139 1898 non
1154 1862 1207 1898 ne-

169 1952 283 2008 gamus;
303 1935 352 1990 sed
374 1953 501 2009 pugnare
523 1937 636 1992 videtur
657 1937 716 1992 haec
737 1928 887 2011 explicatio
909 1947 1007 1992 contra
1024 1955 1105 1992 usum
1129 1935 1206 1990 vocis

170 2025 282 2093 Secum
302 2046 316 2081 a
336 2027 446 2102 Graecis⁸
459 2046 536 2102 aeque
549 2046 582 2084 ae
597 2028 734 2085 Romanis
746 2038 899 2101 receptum.
918 2029 953 2083 Et
968 2039 1054 2084 restat
1069 2025 1205 2100 quaestio:

170 2117 242 2185 Quis
257 2119 387 2176 mercede
404 2120 543 2176 conducet
562 2119 678 2176 viduam
694 2120 837 2188 nobilem,
847 2105 883 2174 bt
902 2130 947 2174 eat
965 2118 1137 2192 spectatum?
1152 2116 1208 2174 Alii
1250 2134 1252 2139 ·

172 2209 308 2283 denique,
321 2230 444 2284 quorum
458 2212 590 2286 princeps
603 2211 655 2267 suit
667 2211 856 2285 Hieronymus
869 2210 997 2283 Magius,
1013 2201 1207 2272 crediderunt,

171 2303 228 2376 legi
240 2303 344 2358 debere
360 2323 486 2371 coenam,
504 2323 563 2359 non
582 2322 702 2360 scenam.
718 2307 773 2358 Aut
787 2303 860 2357 hanc
875 2303 1043 2370 lectionem,
1060 2311 1107 2357 aut
1124 2300 1207 2356 etiarn

172 2395 213 2448 ud
224 2397 330 2462 mam,
350 2395 519 2469 corrigendo
535 2395 625 2450 textui
640 2405 733 2468 aptam
747 2413 805 2449 esse
822 2393 943 2450 credidit
957 2395 981 2447 J.
996 2395 1036 2447 M.
1050 2392 1209 2472 Heusinge-

172 2503 233 2554 rus,
246 2504 334 2559 eaque
346 2505 389 2540 res
406 2477 512 2559 largam
526 2486 646 2560 praebuit
658 2486 804 2542 materiam
819 2483 1015 2557 disputationis
1031 2483 1105 2538 inter
1117 2483 1208 2556 ipsum

173 2586 200 2630 et
230 2575 423 2633 doctissimum
451 2578 636 2634 Stavernium.
662 2577 776 2639 Certum
788 2595 790 2600 ·
802 2576 916 2664 quiqlem
932 2601 934 2608 ¹
948 2585 1003 2644 est,
1031 2577 1209 2651 Lacaenarum

172 2687 265 2724 mores
290 2688 351 2724 non
378 2669 463 2726 fuisse
484 2689 541 2744 prae
565 2669 663 2725 ceteris
685 2679 783 2724 castos.
803 2668 860 2724 Sed
875 2667 960 2723 lectio
979 2668 1021 2721 ad
1037 2663 1135 2720 lenam'
1149 2683 1208 2720 non

175 2761 278 2834 placuit
298 2762 382 2842 beato
404 2765 544 2830 Gesnero,
558 2761 637 2833 jure,
655 2772 688 2816 ut
702 2760 773 2816 mibi
792 2761 905 2833 quidem
923 2758 1048 2826 videtur3
1064 2769 1107 2825 et,
1119 2757 1144 2812 si
1156 2775 1209 2812 ex·

173 2855 310 2926 probrare
330 2856 427 2928 Nepos
444 2854 532 2910 voluit
547 2853 638 2909 viduis
651 2852 761 2908 lacaenis
773 2871 885 2907 morum
898 2850 1052 2920 licentiam,
1064 2849 1119 2905 hoc
1127 2867 1209 2904 sensu

173 2944 221 2999 vix
235 2946 379 3018 adaequate
397 2946 499 3002 dixisse
512 2944 624 3002 videtin·
638 2964 645 2998 :
661 2946 731 3012 Quae
746 2961 806 2998 non
824 2943 861 2998 ad
878 2961 987 2998 eoenam
1006 2951 1065 2998 erat
1081 2940 1209 2997 mercede

174 3036 320 3092 conducta.

215 3125 294 3180 Nihil
316 3125 410 3198 itaque
430 3137 569 3199 superest,
585 3125 640 3180 nisi
659 3135 689 3181 ut
710 3126 804 3181 locum
821 3127 978 3198 judicemus
997 3125 1068 3181 adeo
1089 3143 1209 3198 corrrsp-
1283 3143 1288 3151 ¹

176 3229 248 3286 tum,
264 3217 371 3272 AEmilii
388 3218 504 3274 fortasse
524 3217 610 3273 Probi
629 3217 727 3289 culpa,
745 3227 776 3270 ut
799 3217 986 3291 probabiliter
1005 3235 1058 3272 nec
1077 3215 1210 3288 explicari

177 3328 228 3366 nec
251 3305 396 3365 emendari
416 3309 513 3383 possit.
538 3309 635 3364 Nolim
660 3307 737 3362 enim
763 3326 890 3363 accusare
908 3307 1087 3392 Cornelium,
1103 3306 1209 3362 eumin

177 3401 302 3456 moribus
327 3402 488 3455 Graecorum
511 3398 701 3472 exponendis,
725 3397 756 3452 in
779 3398 942 3470 praefatione
970 3383 1135 3470 praesertim,
1159 3394 1211 3450 ubi

142 3565 145 3572 ι
178 3485 305 3566 exempla
321 3491 470 3566 deligenda
483 3502 563 3550 erant
575 3491 721 3547 notissima
736 3501 763 3548 et
782 3490 949 3557 cerdssima,
962 3499 1019 3544 tam
1032 3487 1153 3562 graviter
1165 3504 1210 3541 er-

176 3601 260 3638 rasse.
626 3633 629 3640 ,
780 3653 782 3660 γ

218 3674 268 3728 IV.
289 3676 369 3731 rraet.
393 3680 408 3744 S
432 3695 445 3732 1
468 3695 475 3728 ε
498 3677 566 3747 Quis
582 3671 716 3727 musicam
733 3671 1115 3748 docueritsspaminondam.
1132 3668 1211 3724 Nihil

179 3767 301 3843 apertius
317 3767 439 3823 declarat
451 3768 525 3824 hanc
540 3781 693 3839 graecorum
710 3783 821 3819 morum
837 3783 852 3818 a
868 3763 993 3820 romanis
1008 3761 1211 3827 diversitatem,

180 3879 264 3934 marn
278 3857 309 3912 id
324 3858 403 3931 quod
419 3859 513 3914 Cicero
528 3856 581 3924 ait,
602 3857 705 3925 Quoest.
726 3857 806 3909 Tusc.
821 3875 848 3923 1,
866 3873 889 3910 e.
907 3862 924 3922 4
939 3874 946 3909 :
963 3877 977 3904 «
993 3855 1133 3908 Summam
1150 3867 1212 3905 eru-

180 3953 317 4008 ditionem
335 3949 423 4006 Graeci
442 3950 522 4004 sitam
548 3946 701 4004 censebant
724 3945 753 4000 in
777 3965 928 4003 nervorum
949 3961 1104 4015 vocumque
1122 3940 1212 3996 canti-

180 4047 241 4100 bus.
252 4043 341 4116 Igitur
350 4053 378 4097 et
387 4041 614 4115 Epammondas‚
625 4037 771 4111 princeps,
779 4055 844 4094 meo
850 4037 967 4109 judicio,
973 4034 1085 4090 Graeciae
1092 4074 1101 4103 ,
1109 4031 1212 4088 fidibus
1303 4027 1304 4032 ’

180 4137 311 4209 praeclare
333 4132 465 4190 cecinisse
489 4131 606 4198 dicitur,
634 4129 888 4202 Themistoclesque
909 4128 1017 4202 aliquot
1034 4136 1098 4182 ante
1119 4123 1224 4194 annis,
