3198 5174
362 1751 521 1898 Cimon,
538 1809 698 1879 Miltiadis
723 1806 824 1897 lilius,
850 1808 1075 1896 Atheniensis,
1100 1807 1184 1878 duro
1210 1808 1386 1880 admodum

359 1930 456 2000 initio
472 1954 549 1998 usus
562 1943 611 2000 est
624 1927 864 1998 adolescentiae.
886 1929 972 1998 Nam
989 1952 1092 2021 quum
1106 1943 1201 2022 pater
1212 1930 1282 2023 ejus
1297 1927 1387 1998 litem

358 2051 553 2120 aestimatam
562 2048 687 2144 populo
696 2047 822 2117 solvere
836 2073 904 2116 non
917 2048 1096 2142 potuisset,
1106 2049 1149 2116 ob
1164 2073 1302 2142 eamque
1313 2073 1391 2118 cau·

359 2195 429 2238 sam
449 2171 484 2238 in
499 2167 641 2238 vinculis
656 2167 797 2262 publicis
814 2167 1023 2255 decessisset3
1046 2168 1167 2237 Cimon
1181 2168 1295 2238 eadem
1314 2194 1389 2238 cus·

359 2289 449 2359 todia
464 2290 655 2385 tenebatur,
671 2311 780 2380 neque
800 2285 927 2381 legibus
943 2286 1193 2357 Atheniensium
1207 2288 1314 2356 emitti
1327 2313 1389 2380 po·

358 2425 459 2497 terat,
477 2410 541 2478 nisi
560 2409 748 2503 pecuniam,
771 2431 836 2500 qua
855 2419 949 2500 pater
968 2405 1126 2476 multatus
1148 2421 1251 2496 esset,
1276 2405 1388 2478 solvis-

357 2543 415 2599 set.
433 2531 585 2599 Habebat
607 2542 716 2596 autem
743 2529 777 2595 in
802 2521 1012 2611 matrimonio
1033 2552 1181 2596 sororem
1201 2553 1293 2596 suam
1312 2553 1388 2622 ger·

356 2674 504 2732 menam,
533 2648 668 2716 nomine
691 2646 884 2740 Elpinicen,
915 2672 983 2716 non
1005 2649 1110 2742 magis
1132 2673 1262 2736 amore,
1286 2673 1386 2742 quam
1416 2701 1418 2706 -

357 2769 466 2863 patrio
491 2791 583 2837 more
612 2747 730 2836 ductus
754 2792 761 2834 :
785 2791 862 2834 nam
888 2767 1145 2836 Atheniensibus
1170 2766 1247 2838 licet
1272 2768 1386 2837 eodem
1455 2859 1458 2863 .

357 2903 452 2982 patre
472 2883 565 2956 natas
581 2910 699 2955 uxores
717 2886 846 2954 ducere.
863 2886 969 2980 Hujus
987 2888 1132 2982 conjugii
1151 2888 1292 2981 cupidus
1309 2887 1384 2957 Cal·

356 3008 417 3077 lias
433 3008 584 3101 quidam,
599 3021 758 3101 nontam
775 3031 951 3100 generosus
975 3032 1076 3100 quam
1099 3009 1310 3101 pecuniosus,
1327 3011 1385 3102 qui

356 3154 492 3224 magnas
512 3128 666 3222 pecunias
680 3152 720 3195 ex
739 3125 878 3196 metallis
892 3127 1029 3215 fecerat,
1048 3130 1116 3222 egit
1130 3110 1209 3196 ¹cum
1229 3132 1384 3217 Cimone,

351 3265 394 3320 ¹‘ut
410 3275 483 3320 eam
504 3249 567 3317 sibi
584 3273 721 3316 uxorem
740 3247 854 3315 daret:
870 3245 903 3313 id
920 3247 946 3314 si
966 3247 1185 3341 impetrasset,
1206 3275 1240 3318 se
1254 3276 1316 3344 pro
1328 3249 1385 3318 illo

352 3371 529 3464 pecuniam
547 3366 743 3439 soluturum.
758 3373 790 3436 Is
806 3392 908 3461 quum
929 3365 1028 3435 talem
1041 3369 1263 3438 conditionem
1281 3395 1385 3464 asper-

355 3505 510 3576 naretur3
533 3487 686 3582 Elpinice
703 3489 835 3582 negavit
856 3512 891 3556 se
907 3512 1075 3580 passuram
1095 3488 1254 3558 Miltiadis
1269 3516 1385 3585 proge-

355 3610 444 3678 niem
468 3609 501 3676 in
527 3607 669 3677 vinculis
694 3607 834 3701 publicis
859 3609 1011 3694 interire,
1033 3612 1189 3702 quoniam
1209 3613 1382 3704 prohibere

355 3743 481 3823 posset;
496 3754 594 3822 seque
614 3727 727 3798 Calliae
744 3744 939 3822 nupturam,
955 3731 982 3798 si
998 3755 1050 3818 ea,
1067 3756 1140 3822 qnae
1157 3730 1380 3824 polliceretur,

356 3850 567 3944 praestitisset.

402 3973 445 4038 II.
467 3967 540 4038 Tali
557 3968 657 4036 modo
675 3968 823 4038 custodia
840 3968 996 4038 liberatus
1016 3973 1152 4060 Cimon,
1173 3971 1323 4041 celeriter
1342 3975 1382 4041 ad

358 4090 578 4182 principatum
605 4089 765 4181 pervenit.
790 4090 940 4160 Habebat
966 4093 1054 4160 enim
1075 4095 1151 4162 satis
1169 4093 1381 4185 eloquentiae,
