3168 5048
698 1101 1045 1208 nuenton.

793 1495 949 1516 *¹*-

360 1745 548 1882 pronon,
572 1797 795 1887 Atheniensis,
818 1799 878 1868 etsi
906 1822 990 1893 saepe
1015 1798 1209 1868 exercitibus
1234 1797 1385 1892 praefuit,
1456 1838 1460 1844 »

359 1941 568 2010 summosque
585 1917 793 2010 magistratus
809 1917 909 2010 oepit;
932 1931 1041 1986 temen
1061 1914 1166 1986 multo
1186 1917 1255 2009 ejus
1273 1918 1387 1988 notior

359 2037 527 2130 integritas
545 2050 594 2104 est
610 2037 699 2123 vitae,
718 2021 817 2128 quam
834 2036 880 2104 rei
902 2034 1049 2106 militaris
1066 2035 1169 2106 labor.
1188 2041 1304 2129 Itaque
1321 2037 1385 2104 bu-

355 2154 411 2247 jus
432 2157 587 2225 memoria
612 2170 661 2226 est
685 2153 790 2242 nulla,
812 2153 897 2224 illius
922 2170 1031 2224 autem
1056 2179 1174 2248 magna
1196 2154 1282 2226 foma
1307 2179 1316 2221 ε
1343 2179 1384 2224 ex

359 2300 425 2369 quo
442 2275 635 2368 cognomine
655 2277 768 2342 Bonus
790 2287 838 2341 est
856 2272 1046 2367 appellatus.
1065 2275 1141 2342 Fuit
1162 2275 1249 2341 enirn
1266 2297 1384 2366 perpe·

357 2407 417 2462 tuo
434 2418 570 2488 pauper,
588 2418 691 2485 quum
711 2392 919 2462 divitissimus
941 2417 1010 2461 esse
1029 2407 1153 2486 posset,
1168 2406 1304 2485 propter
1321 2391 1386 2458 fre-

277 2504 284 2516 ’
357 2527 492 2604 quantes
509 2511 633 2581 delatos
651 2512 806 2600 honores,
825 2526 1064 2606 potestatesque
1082 2535 1240 2598 summas,
1263 2533 1336 2604 quae
1352 2513 1385 2580 ei

358 2630 519 2725 apopulo
537 2631 710 2703 dabantur.
729 2632 792 2700 Hie
814 2623 917 2725 onum
939 2655 958 2700 a
978 2655 1054 2724 rege
1072 2629 1224 2724 Philippo
1246 2655 1384 2700 munera

357 2773 483 2843 magnae
504 2751 648 2843 pecuniae
670 2750 870 2844 repudiaret,
892 2749 1053 2843 legatique
1070 2750 1282 2818 hortarentur
1299 2749 1384 2817 acci·
1412 2765 1417 2782 ¹

357 2893 449 2962 perc,
473 2867 634 2962 simulque
660 2869 886 2954 admonerent,
913 2870 938 2936 si
962 2869 1031 2963 ipse
1051 2869 1102 2938 his
1127 2866 1220 2936 fecile
1244 2883 1383 2954 careret,

358 2984 466 3056 liberis
487 3001 596 3058 tamen
621 2989 687 3056 suis
708 2990 923 3082 prospiceret,
949 2989 1067 3080 quibus
1090 2975 1325 3056 difficile‘esset
1348 2989 1381 3056 in

358 3129 485 3173 summa
507 3120 698 3199 paupertate
718 3122 843 3175 tantam
865 3122 1034 3202 paternam
1053 3107 1138 3174 tueri
1161 3104 1312 3199 gloriam3
1331 3106 1383 3174 his

242 3285 248 3298 .
358 3221 412 3291 ille
434 3250 442 3290 :
464 3225 527 3294 «si
550 3225 754 3328 meilsimiles
777 3241 889 3313 erunt,
911 3226 996 3294 idem
1018 3227 1086 3312 hic,
1111 3227 1234 3317 inquit,
1260 3222 1383 3316 agellus

358 3341 430 3413 illos
449 3342 531 3433 alet,
549 3346 605 3436 qui
624 3369 676 3413 me
693 3346 735 3413 ad
752 3346 838 3414 banc
856 3345 1046 3438 dignitatem
1062 3345 1231 3438 perduxit3
1242 3344 1300 3411 ¹sin
1319 3343 1384 3410 dis·
1504 3399 1510 3406 ,

358 3462 476 3530 similes
499 3478 576 3532 sunt
596 3463 715 3551 futuri,
732 3463 809 3532 nolo
830 3465 909 3532 meis
933 3465 1085 3558 impensis
1108 3462 1239 3531 illorum
1258 3461 1301 3530 ali
1323 3487 1381 3530 eu-

358 3583 490 3674 gerique
505 3581 676 3651 luxuriam.
690 3611 707 3646 s

405 3701 447 3770 Π.
472 3699 563 3767 Idem
581 3725 684 3792 quum
701 3726 804 3795 prope
826 3701 868 3769 ad
888 3726 1011 3768 annum
1034 3701 1269 3794 octogesimum
1290 3724 1382 3792 pros·

358 3839 437 3912 pere
454 3820 650 3913 pervenisset
667 3819 815 3906 fortuna,
833 3821 982 3888 extremis
1000 3820 1201 3913 temporibus
1224 3843 1381 3912 magnum

359 3939 394 4005 in
411 3937 523 4006 odium
537 3937 684 4030 pervenit
698 3962 832 4006 suorum
845 3940 974 4006 civium.
990 3939 1100 4006 Primo
1119 3939 1208 4036 quod
1226 3963 1302 4006 oum
1319 3941 1380 4006 De·

359 4054 452 4124 made
472 4055 512 4122 dc
532 4056 613 4124 urbe
636 4055 792 4124 tradenda
808 4058 982 4149 Antipatro
1005 4071 1225 4143 consenserat,
1247 4054 1381 4147 ejusque
